2806 4800
670 212 693 281 9

123 406 254 486 capitulo
273 402 390 486 inquit:
431 402 595 483 Relinquum
616 419 652 458 eu
673 402 710 457 cis
730 400 801 457 utros
818 414 926 477 paucum
946 416 966 455 a
984 396 1099 472 gladio,
1129 390 1245 473 esame

123 525 148 573 et
167 514 334 592 pestilentia,
355 519 385 566 ut
406 517 533 565 enarrent
553 508 644 562 omniu
665 504 771 562 scelera
791 520 885 561 eorum
906 498 1079 576 ingentibus.
1119 496 1156 557 Et
1177 516 1245 556 rur·

124 636 191 675 sum
216 615 324 696 quinto
345 609 493 691 capitulo:
530 610 704 681 Pertilmtia,
727 602 826 687 sumes
846 615 873 664 et
891 605 1005 681 sanguis
1023 601 1177 662 transibunt
1196 620 1247 681 per

124 732 151 779 te
170 731 196 779 et
215 716 342 792 gladium
361 716 491 774 inducam
516 734 568 794 per
587 723 624 773 te.
681 709 763 770 Tum
785 690 918 768 ieremias
937 704 1056 766 XXIX.
1085 703 1245 785 perhibet:

125 823 288 901 Persequar
307 839 396 877 omnes
415 821 442 877 iu
461 816 575 893 gladio,
588 815 672 895 fame
692 823 718 872 et
735 813 895 894 pestiferum.
946 805 1022 882 Quis
1042 807 1154 869 inficias
1181 806 1248 883 ibit,

126 923 177 981 bis
198 920 351 982 tormentis
379 932 470 1000 atque
500 918 626 996 flagellis
652 926 770 976 cunctas
802 928 902 993 gentes
924 908 1070 974 cumiani?
1108 912 1249 994 Namque

128 1036 229 1084 nostro
250 1043 322 1084 aevo
353 1022 486 1085 crebrius
517 1033 696 1102 repetuntur
726 1038 856 1100 raroque
882 1018 962 1078 ultra
989 1018 1118 1076 lustmm
1145 1014 1249 1089 latent,

124 1127 258 1205 pristinis
279 1144 351 1187 vero
380 1122 488 1187 diebus
518 1136 621 1186 octena
648 1124 743 1184 lustra
773 1120 903 1205 quietius
932 1119 1072 1180 mortales
1098 1118 1249 1180 vivebant.

124 1226 181 1290 Sed
203 1230 280 1290 solet
298 1226 434 1308 profecto
455 1226 487 1288 id
510 1249 573 1289 esse
593 1248 695 1303 causa,
728 1225 873 1308 quoniam
900 1234 1019 1305 praesto
1052 1233 1124 1283 sunt
1147 1242 1182 1283 ea
1202 1221 1250 1280 in·

58 1357 63 1365 ·
123 1332 296 1411 gratissima
324 1331 439 1410 flagitia
475 1333 671 1415 omniumque
706 1328 973 1403 execrabilissima,
1013 1348 1091 1409 quae
1121 1336 1190 1386 ante
1217 1320 1251 1385 id

122 1437 267 1516 temporis
303 1436 473 1497 humanitas
507 1437 706 1510 abhorrebat,
741 1447 769 1497 et
806 1454 896 1496 suum
924 1432 1054 1514 quisque
1076 1426 1250 1493 scandalum

125 1541 291 1600 maximum
314 1536 457 1614 ducebat,
487 1536 693 1600 si'minimum
714 1550 887 1619 perpetrare
915 1536 1056 1617 perrexit.
1108 1533 1250 1615 Namque

123 1642 258 1720 singulae
279 1655 388 1703 aetates
410 1643 535 1722 singulis
563 1643 645 1704 vitiis
675 1654 736 1704 tam
768 1640 984 1703 contaminatae
1006 1649 1185 1713 cernuntur,
1216 1647 1251 1696 ut

123 1764 162 1804 ne
173 1744 304 1822 pumitia
315 1737 439 1824 quidam
450 1744 589 1806 facinoris
600 1745 723 1806 crimine
733 1756 838 1806 careat.
880 1739 975 1806 Unde
987 1741 1153 1816 haeetiam,
1172 1756 1251 1821 quae

124 1845 332 1922 strperioribus
352 1847 499 1909 aetatibus
517 1849 686 1922 latuerunt,
707 1850 814 1927 plagae
828 1846 1078 1909 horribilissimae
1095 1846 1252 1923 ingruunt.

126 1942 229 2019 Quare
250 1943 331 2006 haud
354 1949 430 2007 clam
452 1961 504 2022 est,
524 1950 600 2009 haec
618 1950 732 2028 flagitia
752 1971 769 2008 s
789 1947 892 2008 deifica
912 1950 1067 2010 voluntate
1087 1949 1119 2009 in
1141 1960 1253 2007 terram

124 2044 162 2106 ad
186 2060 331 2108 terrorem
354 2050 514 2111 hominum
536 2049 663 2112 demitti.
720 2048 965 2126 Quamobrem
988 2050 1076 2109 etiam
1099 2051 1172 2109 baec
1192 2048 1254 2108 col·

124 2149 238 2224 luvies,
278 2170 370 2230 quam
402 2154 506 2213 malum
529 2156 566 2215 de
586 2157 710 2216 Francos
737 2167 861 2230 vocant,
892 2176 931 2217 ex
966 2172 1095 2232 superna
1122 2149 1255 2213 vindicta

126 2249 259 2331 demergi
279 2276 335 2334 par
356 2252 454 2315 videri
473 2269 582 2336 potest.
628 2257 763 2321 Coeunte
783 2280 856 2321 vero
876 2260 933 2320 bac
955 2278 1053 2332 causa,
1073 2255 1159 2317 astris
1178 2255 1252 2336 ipsis

129 2354 270 2436 denegata
286 2370 329 2419 est
339 2372 469 2439 potestas
486 2363 571 2425 iuxta
584 2361 662 2425 illud
676 2346 811 2427 [eramiae
820 2364 861 2424 X.
905 2348 937 2425 Α
947 2367 1030 2441 signis
1044 2356 1112 2421 coeli
1122 2362 1202 2420 nolite
1218 2364 1253 2420 ti-

127 2482 216 2536 mere,
239 2485 312 2544 puae
330 2476 422 2540 gentes
435 2468 604 2547 fiumiduut,
626 2476 754 2551 quom'nm
766 2468 897 2531 ⁵domiuus
912 2474 983 2529 misit
992 2479 1095 2549 pestem
1107 2471 1135 2525 in
1155 2466 1255 2527 Israel.

212 2566 406 2648 Capitulum
426 2579 563 2633 tertium
586 2575 622 2634 de
634 2574 786 2655 praedictis
798 2572 913 2635 deorum
928 2573 986 2632 telis
998 2568 1186 2653 pestiferisque
1192 2567 1255 2647 fid-

127 2668 251 2742 minibus,
272 2671 408 2749 quomodo
421 2687 550 2736 enatura
561 2681 624 2758 ipsa
635 2678 832 2756 stellarumque
845 2674 1106 2756 corfigurutzbnibus
1121 2677 1255 2733 oriuntur.

212 2770 315 2848 Quum
344 2789 468 2838 naturae
495 2792 595 2840 sancta
623 2776 788 2859 penetralia
808 2774 892 2838 adire
912 2796 1017 2853 conor,
1040 2796 1103 2861 quo
1123 2772 1255 2836 contem·

125 2878 223 2956 planti
244 2879 321 2938 mihi
339 2879 455 2941 facilior
479 2885 556 2944 ratio
584 2884 696 2944 horum
724 2880 888 2941 fulminum
917 2890 1051 2961 pateret,
1080 2898 1158 2963 quae
1193 2890 1255 2938 tam

126 2980 307 3042 multiformi
327 2987 468 3063 ambage,
489 3007 573 3048 more
594 2985 730 3067 vagantia
751 2984 907 3058 fortunae,
936 2984 1028 3044 variis
1050 2982 1186 3044 cursibus
1206 2981 1256 3041 in·

125 3082 319 3163 grediuutur,
342 3088 562 3173 multiplicique
582 3090 632 3150 via
657 3092 791 3150 humana
820 3108 947 3166 corpora
967 3084 1162 3158 adoriuntur,
1191 3082 1256 3142 fur·

125 3188 180 3249 tim
192 3192 329 3250 reseratis
339 3192 466 3266 foribus,
489 3213 585 3274 quum
601 3193 781 3263 introissem,
801 3207 901 3269 neque
922 3186 1041 3249 morula
1058 3182 1258 3247 minutissima

128 3278 335 3350 commorandi
355 3291 423 3351 data
444 3306 535 3367 esset,
570 3295 650 3353 hanc
671 3290 828 3353 celerrimo
859 3309 947 3350 cursu
981 3288 1116 3371 surripui
1148 3268 1254 3349 eorum

128 3400 347 3449 tornientomm
369 3398 504 3469 casrsam',
537 3392 620 3475 quod
641 3384 809 3455 humanum
837 3416 945 3477 corpus
967 3368 1099 3478 quatuor
1121 3386 1168 3454 ¹ex
1197 3394 1258 3454 el'e·

129 3490 238 3551 mentia
257 3490 419 3554 'conflatum
440 3508 492 3570 est,
514 3498 618 3572 humo,
640 3496 731 3574 cruda,
750 3501 820 3580 igne
842 3513 871 3561 et
890 3506 969 3562 atire.
1012 3499 1151 3561 Terrain
1168 3518 1257 3561 carne

129 3604 158 3655 ct
178 3593 296 3655 ossibus
318 3598 449 3657 niaxime
469 3614 595 3679 apparet
615 3617 741 3684 propter
769 3604 918 3666 terrenam
948 3600 1144 3680 soliditatem,
1177 3624 1257 3685 aqua

129 3716 201 3757 vero
228 3697 260 3757 in
291 3698 480 3764 humoribus.
545 3704 671 3768 Coelum
703 3708 872 3769 continetur
901 3709 934 3768 in
954 3709 1114 3788 pulmone:
1145 3702 1257 3766 idcirco

127 3820 246 3880 semper
263 3800 297 3861 in
320 3817 405 3864 motu
427 3818 485 3883 est,
507 3809 580 3889 quia
602 3811 803 3873 ventilabrum
824 3810 922 3873 cordis
939 3833 970 3872 se
992 3810 1085 3890 gerit,
1106 3830 1144 3868 ne
1161 3806 1257 3867 nimio

128 3908 225 3969 calore
246 3902 439 3969 consumatur
458 3929 510 3969 cor
531 3922 560 3970 et
580 3908 770 3975 dissolutus
813 3914 905 3978 Sedes
933 3915 1011 3993 ignis
1033 3925 1078 3974 est
1097 3912 1128 3970 in
1157 3906 1256 3985 corde,

131 4005 196 4069 ideo
217 4008 345 4071 iuferius
372 4024 416 4071 est
435 4014 546 4086 latum,
568 4016 706 4094 superius
727 4031 864 4095 acutum,
895 4039 987 4102 quam
1011 4016 1137 4074 formam
1159 4012 1256 4092 figura

127 4111 206 4187 ignis
228 4115 343 4174 retinet.
387 4114 476 4176 Unde
498 4137 536 4176 ex
549 4119 714 4181 mutatione
736 4112 1100 4199 elementorumsequitur
1121 4114 1257 4179 alteratio

128 4214 271 4292 corporis.
313 4218 409 4278 Aliter
430 4239 502 4279 vcro
521 4240 553 4278 se
565 4220 693 4281 habente
709 4242 844 4301 corpore,
866 4224 1010 4281 alteratur
1022 4235 1050 4283 et
1062 4235 1168 4282 natura
1181 4220 1254 4280 eius.

127 4316 170 4376 Ea
198 4319 313 4378 ratione
340 4322 456 4397 proelia
484 4321 659 4383 obveniunt.
715 4322 811 4399 Nam,
846 4323 1038 4386 inflammatis
1068 4325 1256 4403 corporibus,
