2806 4800
669 218 746 289 252

137 406 196 467 nis'
211 405 348 485 ignorat,
376 425 471 486 quam
501 404 610 466 morbo
641 405 712 484 plns
736 401 866 483 periculi
896 399 1153 482 exspectandum!
1199 403 1289 480 Quo-

136 506 247 585 modo,
266 529 286 570 o
307 508 428 588 superi,
456 529 475 568 a
505 527 593 568 cansa
620 506 825 568 uniuersitatis
855 519 886 567 et
911 506 1066 567 communi
1092 505 1208 568 eadam·
1229 530 1289 570 nu·

136 629 221 671 maro
250 607 370 692 (utpota
404 607 573 670 circumflui
612 609 693 670 ae'ris
720 629 873 671 venenosa
903 609 1051 688 qualitate
1080 612 1289 689 quamlibebit

135 712 237 774 morbi
257 711 416 773 materiam
435 708 648 772 indifferenter
674 708 840 792 inficiente)
866 711 980 790 poterit
1008 712 1041 770 in
1075 713 1193 773 morbis
1217 713 1289 774 fieri

134 812 317 886 diversitas?
349 810 512 887 Quomodo
533 813 623 874 etiam
645 815 684 874 ab
705 811 879 886 recondita,
901 815 1018 874 occulta
1042 825 1072 874 et
1091 815 1197 891 ignota
1222 836 1288 878 ma-

86 896 99 913 ’
136 915 212 978 dicis
232 918 281 1000 (ut
300 914 358 997 ais)
381 916 586 996 proprietate,
608 913 779 978 cuiusmodi
799 916 908 976 asseris
929 915 1108 996 qualitatem
1129 918 1210 978 a‘e'ris
1234 940 1288 981 ve·

135 1038 296 1097 ncnosam,
318 1017 453 1080 medicus
474 1019 585 1079 artifex
604 1019 777 1094 sensititus,
798 1016 963 1078 accidentia
980 1019 1137 1080 sensibilia
1150 1042 1288 1100 versans,

135 1124 314 1185 morborum
334 1121 460 1201 accipiet
481 1118 729 1182 distinctionem?
773 1117 898 1183 Oblitus
930 1141 1002 1182 esna
1034 1135 1088 1183 aut
1116 1143 1180 1185 non
1203 1123 1287 1185 didi·

134 1226 216 1302 cisti,
239 1223 392 1286 medicum
413 1245 470 1304 per
493 1226 651 1300 materias,
678 1243 758 1306 quae
779 1223 908 1299 singulis
928 1225 1189 1302 aegrotationibus
1210 1246 1286 1311 pro·

134 1328 220 1408 prise
241 1339 312 1387 aunt
333 1339 363 1387 et
392 1326 505 1406 quibua
527 1329 715 1399 coalescunt,
744 1325 980 1403 interstinguere
1009 1324 1157 1387 morbos?
1199 1329 1286 1402 Ecce,

135 1426 293 1511 momodn
312 1427 481 1504 inscitiam,
502 1427 588 1489 cuius
610 1429 721 1489 merito
742 1429 809 1490 iura
830 1438 860 1491 ts
880 1426 1016 1490 diximus
1033 1429 1222 1509 principem,
1245 1430 1285 1490 ad

136 1533 229 1611 plana
249 1529 414 1593 deduxisti.
725 1537 727 1542 '

222 1636 287 1696 Hac
306 1641 404 1697 etenim
424 1657 468 1697 mc
488 1658 598 1719 semper
617 1640 765 1699 sbtntdisss
785 1653 884 1720 reputo
903 1651 957 1700 etc.
979 1673 1020 1685 —
1045 1635 1105 1699 Sed
1126 1635 1206 1718 quid
1229 1637 1287 1696 ial-

136 1738 217 1815 sins,
238 1737 315 1820 qnid
337 1739 475 1820 ianuius
497 1741 625 1820 potuisti
645 1739 761 1815 dicere,
790 1762 884 1822 qnam
909 1754 940 1802 te
961 1739 1166 1802 diversitatem
1187 1751 1286 1800 mate·

134 1842 199 1902 riae
222 1841 255 1902 in
274 1841 383 1903 morbo
405 1844 513 1920 gallico
532 1864 654 1923 senaper
674 1841 864 1904 intendisse?
908 1843 987 1904 Cum
1016 1839 1103 1922 qnod
1129 1842 1190 1901 boc
1210 1862 1286 1902 nus·

133 1944 218 2024 pianr
240 1945 443 2025 expresseris,
472 1957 539 2006 tum
570 1944 654 2027 quod
682 1966 739 2025 pcr
758 1947 984 2008 conclusionem
1003 1941 1168 2006 secundam
1189 1943 1285 2026 (qnae

135 2048 246 2124 habet,
277 2047 362 2130 quod
386 2049 451 2109 eius
472 2048 599 2107 materia
619 2048 658 2108 sit
679 2052 781 2110 solum
802 2063 868 2110 atra
891 2050 975 2127 bilis)
1002 2049 1179 2128 oppositum
1197 2048 1283 2109 illius

135 2149 359 2227 affirmaveras,
390 2164 456 2212 tum
480 2151 572 2211 tertio
591 2149 677 2231 quod
697 2153 885 2214 sustinueras
908 2154 1051 2214 morbum
1072 2151 1215 2228 gallicum
1234 2150 1283 2209 ni-

98 2269 102 2274 ·
136 2252 183 2311 lril
200 2251 312 2312 addere
328 2254 471 2332 pustulis,
492 2254 724 2328 exanthematis,
745 2256 913 2315 albumeris
924 2253 1204 2314 denominationem
1216 2253 1282 2332 cpi·

138 2351 275 2415 demialis
294 2367 424 2435 praeter.
466 2355 594 2415 Pustula
616 2375 689 2415 vero
709 2376 822 2418 nomen
844 2358 964 2435 generis
985 2368 1045 2431 est,
1066 2355 1283 2414 exanthemata

136 2454 334 2517 cissoritiones
355 2468 444 2530 sunt,
475 2476 543 2516 cnm
565 2457 676 2517 scilicet
704 2469 823 2517 tument
844 2479 968 2519 accenso
995 2459 1112 2519 rubore
1143 2477 1280 2537 corpora,

134 2559 326 2620 Anrxsnncn
334 2561 526 2620 Bensnrcros
541 2559 738 2634 Veronensis,
758 2559 850 2620 Censt
867 2559 1013 2634 imitator,
1035 2560 1209 2634 morbillos,
1229 2579 1284 2631 noa

136 2666 229 2742 vulgo
251 2685 371 2726 masern
390 2681 548 2740 vocamns;
582 2663 772 2722 alhumeram
803 2673 906 2722 autem
927 2674 957 2722 et
976 2661 1015 2722 de
1036 2662 1085 2722 bis
1108 2674 1138 2722 et
1159 2663 1284 2724 verialia

135 2765 255 2847 aliquid
277 2787 341 2828 esse
361 2768 522 2827 Amoenus
544 2765 722 2844 perbibuit:
754 2764 858 2824 omnia
891 2784 965 2825 uero
988 2765 1044 2823 illa
1064 2783 1155 2843 posse
1176 2763 1214 2824 de
1232 2785 1283 2824 ea-

137 2865 207 2929 dem
222 2869 348 2929 materia
366 2869 531 2928 increscere
544 2868 577 2926 in
591 2868 676 2927 omni
692 2867 829 2928 confesso
844 2879 897 2928 est.
941 2863 1033 2940 Quod
1045 2867 1184 2946 prolecto
1196 2888 1285 2946 prae·

136 2984 313 3034 sentaneum
334 2983 548 3049 argumentum
570 2983 615 3031 est
633 2983 703 3030 tuae
724 2970 936 3047 ignorationis,
957 2989 1020 3049 qua
1035 2969 1169 3028 maxima
1189 2971 1286 3029 bebe-

135 3073 243 3137 tudina
265 3071 407 3154 deceptus
430 3073 484 3135 diu
506 3071 689 3136 contendisti
714 3070 860 3134 adversus
880 3056 1100 3142 Leontcsaum,
1126 3071 1228 3133 etrum
1250 3074 1285 3131 in

136 3175 286 3239 medicina
307 3188 559 3253 consummatum,
580 3177 723 3236 morbum
738 3175 880 3253 gallicum
898 3176 1113 3235 exanthemata
1131 3191 1213 3234 esset
1229 3171 1284 3234 sed

137 3281 256 3340 utinam
289 3300 353 3340 non
381 3280 589 3358 perlricttisscs
618 3279 750 3340 frontem
772 3291 802 3340 et
824 3279 929 3358 tibipsi
958 3277 996 3340 de
1025 3276 1130 3339 eadem
1158 3278 1286 3339 materia

138 3382 249 3443 totiens
271 3401 331 3441 non
351 3379 588 3443 contradiceres!

179 3516 183 3523 »
225 3489 413 3561 Medicorum,
429 3508 483 3549 non
497 3499 641 3547 oratorum
656 3490 804 3546 sententias
814 3497 929 3566 expecto
942 3497 1048 3546 etc.—-
1071 3483 1191 3544 Census
1202 3501 1285 3558 ergo,

140 3590 196 3673 qui
216 3585 397 3648 medicinam
420 3587 639 3663 elegantissime
661 3587 798 3666 scripsit,
819 3584 953 3647 medicus
975 3607 1037 3646 non
1061 3582 1141 3646 fuist
1165 3584 1283 3643 Habeas

139 3693 244 3773 itaque
266 3689 414 3769 praefatas
436 3690 485 3749 vel
506 3686 713 3764 medicorum,
741 3691 789 3750 tel
812 3701 968 3750 oratorum
989 3688 1087 3748 mavis
1112 3688 1281 3760 sententiaa,

140 3815 217 3877 quas
237 3791 344 3854 andire
364 3791 526 3869 gestiebas,
547 3802 577 3851 et
597 3790 749 3869 intelliges
769 3804 799 3852 te
822 3792 912 3869 nugis
941 3801 1136 3865 onustatum,
1174 3788 1283 3851 errori·

140 3899 198 3958 b'us
226 3897 398 3958 involutum
427 3905 457 3954 et
484 3895 582 3955 lotum
613 3893 679 3954 sine
710 3905 892 3971 smegmata,
924 3905 958 3953 ut
983 3889 1106 3953 tandem
1134 3893 1226 3954 abeas
1251 3892 1285 3952 in

141 4021 293 4080 praeceps.
397 4067 401 4081 ¹

226 4106 382 4182 Reliquum,
405 4124 460 4182 quo
481 4104 641 4183 improbare
661 4106 901 4161 cona1·isetc.·-
944 4101 1064 4160 Priscae
1086 4098 1289 4178 posteriores·

142 4223 204 4285 qne
224 4201 410 4262 medicorum
431 4205 572 4279 scholae,
600 4202 684 4283 quod
705 4205 784 4265 adria
812 4203 987 4265 circumfusi
1011 4201 1180 4264 substantia
1204 4199 1290 4260 tabe·

143 4307 219 4366 facto
240 4306 272 4363 in
294 4303 372 4364 lebri
393 4307 551 4383 pestilente
573 4307 731 4369 materiam
754 4305 849 4390 (quaa
870 4304 909 4368 de
930 4327 1039 4386 genere
1065 4302 1208 4386 putridae
1231 4301 1291 4382 est)
