2806 4800
650 226 730 304 268

118 430 168 482 tus
182 413 243 492 (lei,
261 413 316 479 sed
337 436 400 498 qus
419 436 477 497 pcr
496 412 588 479 fidem
608 413 685 477 deus
705 417 898 496 cognoscitur
917 420 1092 502 coliturque
1108 421 1266 502 perpium

117 520 278 582 allectum·
307 529 429 599 oportet
458 519 576 600 quippo
597 515 697 578 medis
717 531 749 580 et
768 517 861 580 finem
881 519 1060 584 sibinriocm
1081 528 1269 604 corresponi

117 618 190 684 tlere
209 642 244 682 sc
264 621 421 681 hominem
445 617 484 681 ad
505 621 564 681 hoc
585 618 761 682 divinitus
751 621 862 683 tuvsri.

96 778 100 787 .
203 727 289 787 llaec
314 727 434 806 deraque
457 733 514 784 etc.
535 754 578 771 ···
623 723 674 797 Si,
704 744 796 804 qoam
826 721 998 803 praedicas,
1031 745 1168 789 servares
1196 749 1265 791 mo·

116 823 265 901 (lulium,
284 825 312 886 si
332 825 372 885 ab
392 823 554 886 altioribus
573 822 700 903 studiis,
720 825 747 886 si
768 823 991 888 abstractione
1012 829 1150 907 proximi
1168 831 1266 893 absti-

116 949 215 1003 neres,
238 948 303 1002 nec,
323 925 409 1009 quod
429 927 514 988 scioli
525 927 574 988 illi
585 924 678 1009 (quos
690 929 853 989 Aeounnts
864 930 933 991 loco
953 941 983 991 ts
1000 930 1117 992 habere
1126 933 1266 1018 oportet)

119 1032 153 1092 in
174 1031 299 1091 buccam
321 1029 504 1108 receperint,
523 1048 678 1091 renonum
697 1030 892 1107 elluntlsrcs,
910 1031 990 1093 benc
1010 1033 1091 1093 irent
1113 1055 1162 1097 res
1183 1049 1266 1099 tuas

202 1135 246 1195 Dc
268 1131 424 1210 statana,
454 1144 486 1193 ιιι
513 1138 639 1213 scarpim
660 1146 716 1195 stc.
738 1168 781 1181 -
830 1134 875 1195 vi
903 1131 1154 1213 rstluplionlioms
1190 1160 1265 1202 con·

115 1247 218 1316 ceptae
238 1232 272 1295 in
293 1234 328 1314 ly
346 1244 381 1295 ut
401 1232 515 1295 locutio
544 1235 769 1310 univcrsitatis,
800 1248 836 1296 ιιι
864 1255 970 1297 omnes
1004 1239 1180 1319 scorpiones
1203 1245 1264 1305 tibi

114 1341 240 1416 iratres,
261 1349 353 1418 teque
376 1336 568 1415 scorpionem
589 1358 671 1414 csse,
691 1337 838 1399 insertur:
870 1339 950 1401 male
969 1359 1044 1418 ergo
1072 1353 1169 1404 terras
1190 1346 1264 1406 Alc·

114 1461 299 1503 mansorum
320 1460 421 1519 nuper
431 1440 575 1500 accusasti
595 1451 742 1521 tunquam
756 1441 890 1520 privatas
904 1442 1102 1520 scorpionum
1114 1459 1263 1524 semente,

115 1545 175 1607 nisi
195 1542 230 1604 id
257 1544 373 1619 obstet,
402 1538 488 1623 quod
507 1541 610 1617 aiunt,
650 1543 747 1603 aliubi
780 1555 865 1605 ortos
894 1545 1068 1623 scorpiones
1095 1549 1128 1608 in
1155 1549 1263 1629 cautla,

115 1658 146 1709 to
166 1664 241 1708 vcro
262 1646 310 1724 (ιιι
331 1639 371 1704 ad
390 1643 502 1705 lineam
523 1641 635 1725 dicam)
655 1643 690 1704 iu
712 1644 817 1723 lingua
839 1645 952 1707 babere
974 1667 1139 1711 venenum.
1182 1652 1261 1716 Vale

116 1747 187 1810 etsi
205 1746 343 1810 libellus
362 1743 520 1831 resipisco:
538 1746 682 1829 pluribus
703 1747 785 1807 enim
796 1767 878 1811 nuno
892 1760 992 1810 lecum
1005 1770 1096 1829 cgere
1107 1771 1170 1814 non
1181 1756 1261 1819 licet.

559 1966 616 2039 Atl
647 1965 817 2042 lectorem.

200 2126 300 2189 Habet
321 2122 486 2186 homuncio
507 2119 654 2185 iudicium
675 2124 821 2185 stomachi
842 2124 921 2203 mei,
952 2124 1029 2210 quid
1050 2126 1089 2191 de
1116 2129 1260 2211 pistoria·

114 2230 162 2292 uis
183 2229 245 2292 suis
266 2210 410 2290 sentiam:
441 2223 526 2307 quod
554 2226 690 2306 prolecto
724 2227 835 2308 cuique
863 2227 945 2290 bono
980 2214 1078 2291 uideri
1109 2232 1261 2296 eiusmodi

116 2332 275 2405 existimo,
306 2342 341 2391 ιιι
361 2348 556 2409 oppressum,
588 2329 731 2405 fractum,
760 2331 983 2409 strangulatum
1011 2347 1261 2419 prostratumque

114 2454 205 2497 suum
227 2431 353 2495 omnino
380 2442 411 2493 ct
431 2430 593 2509 perspicuo
622 2444 764 2492 conatum
784 2447 951 2513 cognoscat.
1004 2437 1111 2519 ltaque
1136 2440 1258 2502 intimos

115 2556 188 2601 suos
209 2549 239 2598 et
260 2553 337 2616 quos
360 2531 476 2595 oraculi
495 2533 562 2593 loco
584 2532 677 2593 habet
698 2545 727 2594 et
748 2535 820 2596 colit
839 2536 936 2619 inque
957 2540 1117 2600 consilium
1138 2563 1174 2603 ac
1186 2563 1258 2622 ope·

115 2660 180 2702 ram
204 2636 346 2712 adhibet,
368 2653 496 2709 moneo,
526 2635 654 2696 meliora
676 2637 825 2714 cogitent,
854 2639 1008 2703 litnatiorn
1031 2640 1138 2718 edent,
1169 2646 1259 2706 eren-

116 2754 183 2805 tum
205 2739 380 2820 diligentius
400 2737 566 2818 pensitent,
596 2735 736 2799 discussis
757 2740 890 2802 tenebris
918 2741 952 2800 iu
973 2730 1072 2805 lucem
1092 2745 1260 2827 aliquando

115 2834 257 2907 redeant:
278 2843 311 2902 in
333 2861 412 2923 quos
431 2839 510 2901 illud
533 2863 572 2903 ex
593 2843 700 2920 psalm.
729 2843 893 2905 rectissime
914 2847 1012 2924 aptari
1039 2861 1156 2927 potest:
1187 2870 1260 2928 gens

114 2946 207 3009 stulta
228 2945 344 3027 absque
364 2943 508 3018 consilio,
529 2943 646 3004 utinam
666 2955 808 3024 saperent
828 2959 858 3007 et
879 2945 1083 3026 intelligerent
1105 2972 1139 3010 ae
1157 2953 1262 3014 novis·

115 3047 191 3108 sima
224 3032 449 3127 providerent(
491 3045 538 3107 sir
565 3045 640 3106 ltaec
670 3066 738 3106 mea
769 3066 841 3107 saue
870 3045 963 3109 editio
997 3053 1126 3115 tonitrui
1155 3055 1261 3130 instar,

117 3170 210 3233 quem
230 3149 292 3210 nisi
313 3149 475 3230 resipuerit
508 3149 581 3211 haec
605 3148 702 3229 figura
730 3148 881 3227 hominis,
911 3152 1000 3215 brevi
1034 3168 1182 3237 sequetur
1202 3157 1261 3218 im·

116 3256 180 3319 ber.
202 3253 292 3313 MDl.
