2806 4800
350 104 382 159 ae'

681 194 705 267 8
738 298 741 307 .

126 379 192 439 culo
215 381 413 458 praestitisse,
439 382 581 464 quoniam
605 404 708 446 sensus
730 385 819 447 etiarn
840 386 1017 461 hebescunt,
1038 390 1173 449 membra
1190 401 1253 451 tor·

127 495 276 562 quentur,
304 487 505 562 praemoritur
527 487 625 563 visus,
645 484 779 563 auditus,
801 482 902 551 dentes
924 491 1029 566 etiarn,
1049 493 1184 553 ciborum
1206 494 1253 552 in-

126 597 309 661 strumenta,
340 609 414 648 mox
434 588 557 652 ineunte
579 588 734 671 grandiori
756 604 850 653 aetate
878 594 1046 655 elabuntur.
1095 597 1131 656 Et
1153 610 1253 656 tamen

125 692 182 751 boc
202 703 321 770 tempus
341 694 421 754 vitae
441 682 664 773 annumeretur.
709 696 788 774 Ergo
802 693 888 757 illud
902 695 989 777 apud
1010 718 1061 760 eos
1082 719 1139 777 pro
1161 701 1253 759 mira·

125 793 192 853 culo
214 793 352 854 habitum
375 807 434 870 est,
459 798 658 860 quorurnvu
676 799 823 865 musicum
844 813 964 865 centum
985 814 1014 863 et
1035 801 1171 883 quinque
1199 825 1253 862 an·

125 900 172 958 ais
192 899 256 959 sine
278 900 342 959 ullo
363 901 497 981 corporis
515 901 709 965 incommodo
730 905 851 970 vixisse.
900 903 928 968 0
950 906 1089 966 miseram
1109 908 1187 965 hanc
1209 909 1254 967 vi·

124 1012 199 1076 tam,
222 1024 283 1083 qua
307 999 380 1062 dum
402 1005 538 1079 creblcius
553 1007 586 1066 in
602 1009 666 1069 eius
681 1019 891 1088 tempestatum
908 1008 1136 1071 terribilissimIs
1158 1009 1254 1070 ssucti·

124 1103 181 1164 bus
211 1116 240 1166 et
270 1105 410 1185 procellis
439 1104 597 1188 exagitati,
640 1110 749 1172 totiens
780 1102 877 1171 etiam'
901 1111 1091 1193 naufragium
1120 1113 1253 1191 perpessi

124 1206 243 1269 sumus!
264 1209 380 1272 Natura
402 1211 485 1293 ipsa,
516 1213 623 1296 iniqua
653 1234 785 1301 noverca
801 1214 962 1293 ,lrominis,
990 1206 1039 1275 ne'
1057 1216 1106 1275 his
1128 1213 1252 1296 quidem

123 1309 210 1370 malis
231 1310 336 1371 satiata
357 1306 422 1389 est,
437 1311 489 1375 sed
511 1315 640 1377 maiores
669 1316 701 1376 in
731 1304 805 1399 dies⁸
822 1317 1018 1400 qualibetque
1044 1319 1136 1393 liora,
1169 1332 1197 1379 et
1221 1333 1254 1380 ut
1282 1322 1286 1335 '

122 1408 164 1469 ita
193 1408 340 1490 dixerim,
381 1418 465 1477 omni
492 1431 646 1481 momento
679 1421 711 1479 in
747 1422 890 1483 miserum
926 1422 983 1482 ltoc
1010 1421 1138 1494 animal,
1177 1435 1253 1482 eete-

123 1533 229 1575 rorum
251 1514 373 1595 ducem,
408 1523 556 1582 tumultus
586 1523 712 1598 excitat,
746 1524 944 1606 saeviuntque
969 1525 1001 1583 in
1029 1544 1083 1585 nos
1107 1525 1168 1583 iarn
1198 1527 1254 1584 mi-

123 1635 189 1676 sera
217 1619 408 1704 funestaque·
424 1624 533 1686 Martis
560 1645 660 1702 arma,
699 1627 759 1686 iam
789 1628 915 1688 falciferi
946 1625 1076 1688 Saturni
1096 1628 1254 1688 innumera

125 1724 219 1798 mala,
241 1746 322 1786 nunc
343 1728 531 1806 pestilentia,
566 1731 778 1807 nunciantes,
821 1751 999 1810 magnorum
1030 1733 1129 1812 prima
1159 1734 1253 1792 malo-

123 1846 192 1885 rum
229 1850 348 1909 semper
373 1853 481 1894 comes.
553 1835 680 1915 Insuper
707 1855 820 1898 novum
851 1857 944 1914 genus
976 1839 1095 1912 morbi,
1131 1850 1254 1897 natm-ae

124 1928 272 2006 invisum,
303 1936 412 1999 minaci
433 1937 605 2014 ferocitate,
635 1936 720 2022 quod
743 1961 759 1999 e
780 1937 906 2001 deorum
934 1941 1148 2002 immortalium
1180 1940 1253 1998 olim

124 2054 190 2093 arce
228 2036 260 2095 in
291 2037 395 2102 Gallos
426 2039 588 2105 demissum
620 2042 693 2118 tuit,
734 2062 838 2105 omnes
866 2041 974 2103 mundi
1007 2042 1140 2102 cardines
1167 2041 1253 2098 inva-

125 2134 195 2199 dere
234 2144 374 2219 enititur,
411 2146 551 2224 pluribus
582 2146 615 2204 in
655 2145 829 2221 regionibus
867 2142 1049 2203 atrocissime
1080 2142 1170 2198 etiarn
1205 2139 1253 2196 in·

125 2242 308 2305 crudescens.
374 2247 411 2305 Et
449 2266 574 2325 prorsus
598 2244 816 2327 ‘Praenestinae
849 2262 966 2302 sorores
997 2253 1100 2300 cuncta
1132 2243 1165 2302 in
1197 2244 1254 2304 hoc

125 2347 199 2405 orbe
230 2348 290 2415 huc
319 2351 620 2428 illucqueversant,
663 2364 763 2427 neque
794 2341 900 2404 iisdem
940 2345 972 2403 in
1013 2346 1146 2423 vestigiis
1183 2368 1253 2427 per·

124 2449 241 2510 sistunt.
285 2452 350 2510 Hae
371 2452 537 2530 procellae,
558 2470 597 2509 ne
615 2460 719 2509 cuncta
740 2445 921 2508 recensendo
943 2448 1063 2525 longior
1083 2450 1158 2526 sitn,
1190 2470 1252 2531 quo

125 2572 141 2610 e
164 2552 246 2613 sonte
262 2553 440 2628 scaturient,
459 2551 589 2614 naturali
609 2571 649 2629 an
669 2549 863 2630 coelestique,
896 2571 936 2610 an
957 2548 1093 2627 deifico,
1109 2554 1253 2619 hocloco

124 2652 333 2735 disserendum
354 2655 420 2717 erit.
461 2654 592 2717 Fatebor
611 2665 730 2728 autem,
759 2653 871 2732 partim
891 2657 1068 2741 naturaliter
1089 2650 1254 2719 astrorum-

125 2779 185 2837 que
206 2757 341 2832 influxu,
362 2758 472 2838 partlm
495 2780 511 2818 o
532 2755 642 2822 divina,
658 2740 813 2819 voluntate
834 2756 966 2820 accidere
988 2763 1093 2822 solere.
1135 2757 1171 2822 ld
1191 2780 1254 2843 quo

125 2859 176 2922 fiat
197 2858 306 2936 modo,
328 2884 367 2922 ex
389 2860 495 2922 ordine
516 2881 692 2942 persequar.

211 2948 402 3049 Capitulum
425 2967 611 3027 secandam
640 2967 677 3026 de
695 2965 917 3046 pmtmttatttas
942 2971 1064 3043 sagittis,
1090 2970 1256 3046 proeliorum

118 3054 447 3154 sornisqtta'otrocltata,
462 3081 498 3130 ἀα
520 3071 641 3129 aliarum
657 3050 848 3128 huiuscemodi
864 3082 957 3128 rerum
978 3064 1165 3144 incommodas,
1189 3092 1257 3150 quo-

127 3177 208 3236 modo
226 3177 474 3257 urpsmaturaliter
492 3186 518 3235 et
547 3196 562 3234 a
582 3173 674 3233 diuina
694 3172 831 3232 nabataea
845 3184 1006 3250 'emergam
1033 3165 1036 3171 ¹
1066 3171 1145 3232 Unda
1165 3152 1258 3233 'aiam

128 3281 232 3337 malum
247 3262 289 3339 'de
310 3283 435 3364 Franzos
454 3279 510 3338 lac
531 3298 567 3338 aa
589 3256 685 3336 caasa·
700 3279 769 3335 oriri
787 3274 902 3335 ridetur.
1103 3352 1105 3357 Ι

213 3380 257 3438 Vt
287 3382 425 3440 coelestia
454 3378 917 3458 contemplantiumeorumque
951 3377 1104 3449 omnium,
1143 3377 1198 3459 qui
1227 3397 1260 3439 so

129 3483 219 3542 sacris
240 3483 346 3542 litteris
368 3480 519 3556 dedidere,
541 3472 701 3541 hominum
714 3480 970 3558 'gravismmor'um
985 3492 1053 3540 utar
1073 3459 1268 3551 auctoritare,²

129 3585 248 3647 audebo
269 3582 374 3645 sedulo
396 3585 469 3658 lari,
498 3585 614 3644 ratione
644 3583 863 3658 consentiente,
894 3584 952 3643 tria
973 3602 1035 3642 esse
1056 3582 1186 3640 telortttn
1208 3596 1259 3656 ge·

131 3709 214 3759 nera,
236 3689 348 3769 qmbus
370 3685 413 3750 dii
431 3668 615 3748 immortales
636 3709 654 3746 a
676 3683 783 3746 mundi
805 3687 921 3765 origine
939 3684 1084 3746 nefariam
1105 3680 1260 3765 audaciam

131 3778 291 3854 hominum
305 3802 514 3872 compressere,
536 3772 793 3874 quemadmodum
805 3789 863 3850 tria
881 3796 1074 3852 ‘recensentur
1086 3783 1199 3862 flagitia
1213 3785 1260 3843 in·

132 3909 179 3956 ter
199 3897 301 3963 omnia
320 3897 408 3957 facile
430 3893 576 3968 secunda,
598 3916 677 3977 quae
696 3907 767 3956 sunt
791 3884 976 3968 insolentia,¹
1001 3888 1181 3975 nimis'uattri
1210 3908 1260 3947 cu·

134 3997 224 4078 pido,
245 4002 350 4061 alienis
371 3999 473 4072 rebus,
496 4018 574 4079 quae
595 3996 634 4057 ad
656 4019 688 4058 se
709 3999 834 4057 minime
855 3998 1017 4076 pertinent,
1039 3997 1101 4055 vim
1123 3988 1262 4064 afferens,

132 4105 272 4164 scelerata
293 4101 416 4162 denmm
436 4099 549 4173 libido,
572 4099 812 4182 quaequidem,
833 4116 989 4183 tamquam
1018 4096 1157 4170 comites,
1186 4114 1264 4155 sem·

133 4227 188 4285 per
215 4218 314 4265 secuta
340 4219 409 4266 sunt
438 4228 473 4266 ea
494 4206 586 4266 mala:
615 4205 786 4283 pestilentia
794 4224 812 4280 ,·
837 4204 992 4291 sanguinis
1021 4201 1149 4272 effusio,
1171 4197 1264 4258 victus

135 4307 276 4387 penuria,
298 4308 412 4388 quippe
432 4306 529 4370 divini
550 4319 631 4370 vates
654 4309 713 4369 hoc
732 4316 889 4370 testantur.
947 4303 1051 4366 Primo
1075 4303 1176 4365 Ezecta
1199 4294 1265 4353 Xll.

743 4496 751 4522 l
