2806 4800
711 258 784 330 162

174 443 319 526 epidimia
340 443 489 528 quaedam
508 444 558 522 eit,
579 443 788 526 pestilentialie
808 443 869 506 alia
890 463 963 515 rero
984 441 1120 518 minime,
1141 441 1230 505 iuxta
1248 462 1319 505 een·

173 549 298 613 tentiam
319 548 563 625 commentatorm
584 546 657 608 libri
677 544 901 626 epidimiarum.
945 547 1023 609 Sunt
1045 565 1117 624 ergo
1134 545 1237 607 morbi
1247 566 1320 626 par·

175 651 266 713 ticule
286 651 375 712 tertia
398 647 604 729 epidimialee,
622 649 837 729 pentilentielee
851 669 925 712 vero
953 648 1097 710 minime:
1130 667 1204 708 narn
1225 650 1320 728 perti-

173 751 305 815 lentielie
323 752 453 814 morbus
473 747 639 813 secundum
661 751 828 814 Gnnrenvu
855 749 937 811 libro
966 746 1004 810 de
1032 748 1147 830 tyriaca
1173 745 1214 810 ad
1241 748 1320 812 Gae-

173 873 272 916 earem
287 851 501 919 ueneooeitati
510 852 689 917 animalium
717 851 884 927 similatur,
911 863 941 914 et
956 852 1158 933 'pestilentia,
1186 862 1221 913 nt
1247 849 1321 914 dicit

174 956 351 1016 Heminae.
367 966 397 1017 et
420 967 639 1018 commentator
672 953 747 1017 libri
776 951 1010 1033 epidimierum,
1046 957 1122 1016 beec
1148 965 1209 1030 eat,
1237 975 1318 1036 quac

175 1057 278 1121 cubito
298 1069 408 1120 ernon
430 1057 577 1137 paulatim
599 1054 719 1132 evadit,
739 1056 845 1119 multie
867 1056 1047 1118 bominibus
1068 1058 1234 1134 ingruent,
1255 1075 1320 1118 non

175 1158 291 1236 brutio,
327 1172 357 1222 et
384 1172 429 1222 eet
458 1159 639 1240 multiplex,
672 1180 741 1221 cum
774 1157 862 1219 multi
891 1157 992 1218 morbi
1028 1157 1219 1237 epidimielee
1248 1171 1321 1222 eunt

175 1261 330 1344 pestiferi,
350 1274 386 1325 ut
407 1262 517 1340 lebria,
539 1264 679 1342 puetula,
700 1262 801 1336 bubo,
823 1262 1032 1323 membrorum
1053 1261 1190 1337 iniectio,
1211 1283 1320 1344 quem·

175 1362 340 1426 admodum
353 1364 507 1425 Gnmnnus
529 1364 705 1426 anctoritate
715 1365 919 1426 Hirrocnnrrs
938 1360 976 1423 de
992 1359 1173 1425 differentiie
1187 1363 1319 1424 febrium

174 1465 329 1542 recitavit,
359 1477 388 1526 et
410 1486 449 1526 ex
470 1466 529 1526 lroc
550 1485 659 1544 genere
679 1466 769 1526 etiam
792 1466 925 1526 variolae
955 1478 984 1527 et
1006 1464 1142 1524 morbilli
1163 1453 1320 1544 reponun-

176 1581 243 1645 tur,
263 1578 291 1629 et
312 1564 434 1629 coliriea
453 1563 640 1648 quandoque
660 1565 719 1627 boc
740 1584 850 1645 genere
871 1562 1019 1644 procedit.⁸
1069 1561 1170 1638 Oetam
1192 1565 1320 1627 varieta-

176 1683 237 1732 tem
269 1670 371 1749 plane
390 1668 423 1729 in
453 1668 563 1745 morbo
592 1679 731 1731 umente
771 1669 938 1731 cernimur:
978 1680 1168 1750 quapropter
1203 1667 1318 1728 molum

175 1773 313 1845 francum
342 1782 457 1850 pestem
479 1783 509 1833 et
530 1789 682 1832 venenum
712 1771 892 1851 participare
925 1791 987 1833 non
1008 1774 1087 1833 male
1107 1768 1319 1833 intendebam:

175 1874 277 1938 morbi
307 1885 409 1935 autem
439 1871 528 1934 tertia
555 1873 710 1953 particula-
736 1873 888 1937 numerati
919 1874 1119 1936 mutationem
1149 1884 1322 1956 sequuntur

175 1976 256 2040 ae'rie
277 1977 310 2036 in
329 1997 385 2038 ena
405 1986 515 2046 aeterra
541 1987 662 2056 praeter
682 1976 819 2040 extranei
842 1976 952 2038 veneni
974 1974 1194 2049 conditionem,
1225 1997 1319 2058 qnam

177 2079 402 2155 divereitatem,
422 2090 475 2141 tue
496 2080 723 2143 nomencletrua
745 2080 898 2155 intentue,
920 2081 999 2142 male
1019 2077 1224 2142 consideranti.

305 2316 403 2388 Circa
429 2315 685 2388 conclusionem·
708 2316 848 2388 tertiam.
912 2320 1018 2412 (llll,
1043 2348 1074 2418 p.
1095 2320 1193 2417 143.)

262 2491 321 2550 Per
342 2487 426 2549 varia
457 2487 508 2548 bic
536 2489 720 2552 contentione
749 2491 882 2569 rogerie,
910 2511 1020 2571 parurn
1044 2507 1144 2555 autern
1169 2498 1319 2574 probanti:

177 2615 239 2677 qua
259 2615 293 2655 re
312 2610 368 2670 ego
389 2590 491 2652 minue
511 2590 665 2671 oblector,
694 2589 749 2655 eed
777 2593 881 2672 petrcie
909 2591 992 2656 audi.
1045 2592 1133 2671 Quae
1162 2599 1320 2679 theologo·

176 2717 246 2759 rum
268 2693 306 2757 de
326 2707 410 2775 poete
431 2694 469 2757 eit
489 2693 654 2770 eontentio,
680 2709 777 2771 nune,
800 2708 832 2758 ut
854 2697 1005 2774 alienum,
1034 2712 1206 2778 praetereo:
1240 2723 1320 2785 qrrce

176 2799 258 2862 enim
279 2811 382 2860 noetra
404 2809 493 2872 eunt,
513 2818 693 2881 prosequor.
746 2800 1001 2863 Aetronomorum
1030 2802 1119 2863 etiam
1142 2800 1319 2880 doctrinam,

178 2914 211 2963 ut
230 2899 296 2962 eine
315 2899 390 2962 artie
411 2912 561 2978 apostata,
589 2899 806 2964 stomachando
828 2905 941 2966 refutas
963 2905 1046 2984 ipse:
1079 2919 1198 2968 nostroe
1218 2920 1320 2970 nutent

176 3003 307 3067 maiores
326 3023 395 3065 cum
415 3003 586 3066 rationibus
607 3002 761 3085 produco,
782 3001 866 3087 quod
890 3027 952 3068 non
973 3021 1016 3070 eet
1042 3005 1081 3070 ad
1100 3021 1181 3070 aetra
1205 3010 1319 3090 lugere.

59 3175 65 3182 .
134 3096 140 3103 ’
175 3107 258 3170 ΝοΙο
278 3105 367 3170 etiam
389 3102 458 3190 (tuo
480 3104 579 3190 more)
599 3108 734 3170 allemrm
755 3107 788 3170 in
816 3121 881 3171 arte
901 3111 1042 3191 allegare.
1091 3113 1189 3174 Preuu
1218 3114 1319 3190 affere,

176 3209 233 3293 qui
253 3207 433 3272 medicinam
454 3228 555 3292 neque
579 3206 702 3288 didicit,
723 3231 842 3294 neque,
871 3226 1021 3294 quantum
1041 3216 1112 3277 satie
1134 3228 1195 3291 eu,
1223 3220 1319 3280 uouit.

175 3313 360 3373 nocerem
381 3311 599 3393 et·prineipe1n
621 3325 761 3378 noetrum
783 3312 876 3393 audi,
907 3316 963 3399 qui
984 3336 1052 3379 cnm
1073 3319 1178 3380 ceteris
1199 3321 1320 3383 famosis
1390 3353 1393 3370 ·

175 3422 291 3490 pentem
312 3409 467 3495 duplicent
490 3415 604 3476 lubere
625 3437 745 3481 cerream
767 3415 883 3495 edixit,
905 3421 1124 3497 universalem,
1148 3437 1223 3501 prrto
1253 3445 1320 3486 coe·

174 3518 290 3589 lentem,
303 3511 563 3594 quemadmodum
574 3519 773 3583 luminarium
787 3522 925 3602 eclipses,
941 3525 1167 3585 coniunctiones
1178 3545 1319 3605 magnae:

175 3615 253 3677 lactc
279 3611 361 3679 enim
382 3613 593 3679 coniunctione
613 3616 871 3696 ponderosorum·
888 3613 920 3684 in
942 3625 1089 3701 geminis,
1120 3625 1179 3684 luit
1210 3649 1320 3704 magna

177 3715 351 3778 mortalitas.
394 3714 540 3778 Similiter
560 3719 732 3783 coniunctio
764 3735 794 3786 et
813 3724 967 3803 oppetitio
991 3745 1109 3802 magna
1138 3724 1171 3783 in
1192 3725 1320 3802 triplici-

174 3831 236 3883 tate
256 3839 369 3901 aquea,
396 3840 435 3880 ex
460 3819 573 3901 quibus
594 3822 763 3902 plurimum
786 3837 815 3887 et
835 3823 1049 3887 inundatIoncs
1068 3821 1225 3901 accidunt,
1246 3846 1319 3905 pro·

174 3935 244 4004 pter
268 3918 354 4004 quod
375 3941 415 3993 ex
436 3920 602 3984 trimeribus
622 3935 721 3987 terrae
742 3947 872 4009 vapores
894 3929 1053 3989 eleventur
1074 3926 1217 4008 plurimi,
1247 3929 1319 4010 qui-

137 4096 149 4108 ,
174 4025 233 4085 bue
251 4030 304 4085 ae'r
326 4025 441 4087 mixtur
471 4022 504 4085 in
525 4025 692 4089 errbetantia
713 4049 768 4091 eua
799 4029 1004 4109 corrumpitur
1031 4052 1084 4093 eeu
1114 4029 1255 4110 putrefit,
1289 4045 1318 4092 et

173 4135 422 4204 peetemoaneat,
465 4127 623 4192 Praeterea
637 4141 668 4192 et
686 4132 884 4210 particulares
902 4151 1006 4193 carreae
1026 4145 1224 4194 concurrunt:
1247 4155 1318 4193 nam

174 4224 261 4287 iuxta
272 4224 393 4287 Galieni
413 4229 594 4309 sententiam
613 4231 716 4312 prime
738 4230 776 4294 de
798 4231 978 4297 differentiie
999 4234 1131 4295 febrium
1154 4232 1318 4294 multitudo

174 4340 575 4421 corporum.,emortuorum,¹
600 4336 1026 4417 stagnemrearapararioner
1059 4349 1110 4399 aut
1140 4331 1318 4396 lurinemodi
