2806 4800
634 247 706 319 135

94 437 235 516 gallicum
266 437 473 510 ollmmersm,
503 432 616 517 (primo
646 431 1000 516 siqnidem-,inflectione
1031 449 1060 498 et
1092 437 1239 500 feminino

94 561 204 619 genere
225 563 242 602 o
267 541 379 600 nostris
403 534 528 622 dicitur)
543 540 641 598 'cuius
663 539 707 599 rei
741 549 922 616 argumento
943 537 1011 599 tibi
1038 560 1103 602 esse
1138 612 1142 617 Ι
1181 540 1240 616 ft,

95 642 181 724 quod
202 641 520 723 princepsAviceuna
551 659 702 721 nusquam
731 638 910 718 recapitulat
941 536 1240 711 olliumersffii

93 747 189 806 olium
210 743 350 826 quemvis
371 744 529 817 morbum,
561 740 615 803 sed
638 743 761 804 voriolis
780 754 811 804 et
839 742 990 805 morbillis
1010 745 1103 819 simul
1123 762 1239 805 couno·

95 843 259 923 morando,
281 844 319 912 sd
341 865 419 928 quos
440 865 473 906 se
494 843 679 923 gradualiter
700 845 803 906 habet.
856 845 891 905 ln
918 857 983 908 toto
1005 866 1062 908 suo
1085 847 1240 911 volumine

94 949 174 1009 nihil
194 952 265 1030 plus
283 950 386 1011 scribit
407 946 446 1010 de
468 968 520 1024 en,
542 968 653 1031 quam:
683 950 845 1010 allmmers
867 961 912 1010 est
932 947 1052 1032 aliquid
1076 946 1115 1010 de
1136 950 1239 1012 rario-

93 1053 132 1113 lis
153 1064 183 1113 et
202 1053 370 1115 morbillis:
391 1050 477 1135 quod
497 1052 639 1119 similiter
659 1057 697 1112 e'x
709 1051 782 1114 Rosi
803 1052 934 1131 intelligi
950 1067 1060 1132 potest,
1081 1054 1137 1136 qui
1157 1054 1239 1115 libm

94 1153 279 1217 divisionum
296 1154 410 1235 gradus
431 1157 618 1218 roriolnrum
641 1156 738 1234 mngis
759 1167 915 1236 suspectos
936 1167 1054 1230 uolans,
1074 1158 1142 1218 loco
1163 1156 1238 1231 eius,

92 1258 177 1339 quod
199 1261 374 1324 Avioennse
405 1273 450 1321 cst
482 1261 659 1335 ollrumero,
682 1260 791 1342 sinon
821 1259 992 1321 coniectura
1014 1258 1124 1336 inllor,
1150 1260 1239 1339 ponit

93 1362 238 1423 variolam
259 1363 488 1424 ambuletiram.
545 1363 640 1425 Error
672 1383 745 1442 ergo
776 1363 830 1424 ille
850 1382 890 1423 ex
911 1361 1090 1440 ignorantie,
1106 1363 1238 1425 nominis

90 1463 221 1542 pendet,
251 1462 337 1546 quod
370 1475 488 1526 tantum
511 1484 586 1527 sono
612 1465 810 1540 examinasti,
843 1459 1110 1547 quemadmodum
1125 1463 1236 1544 figulus

92 1571 203 1650 probat
226 1571 313 1632 ollas.

198 1761 458 1824 Correlorium
480 1764 643 1842 primum
667 1763 878 1844 sophistae.
924 1762 1004 1845 (Vll.
1026 1764 1062 1824 A.
1086 1737 1135 1844 a.)¹

177 1879 329 1956 Audiam,
349 1883 490 1957 obsecro,
518 1881 647 1944 studiosi
668 1896 791 1959 omnes,
821 1884 946 1946 audient
967 1886 1027 1948 riri
1048 1887 1236 1947 calumnian-

90 1986 129 2046 tis
150 1983 324 2058 nsrdsciom,
345 1981 486 2056 audiant,
508 1985 599 2064 quale
621 1985 679 2044 hoc
699 1986 856 2063 sophistas
878 1986 1073 2066 enthymema
1097 1985 1236 2067 quidque

89 2087 261 2168 argumenti
281 2088 346 2149 sit-¹
381 2086 495 2147 Album
517 2083 628 2145 dicitur
657 2083 696 2145 de
715 2087 874 2166 crystallo,
907 2087 978 2146 nive
1001 2099 1030 2147 ct
1051 2086 1135 2160 aliis,
1164 2107 1236 2166 ergo

91 2192 259 2271 improprie
279 2189 392 2251 dicitur
412 2186 451 2249 de
472 2189 571 2268 cigno.
622 2189 685 2248 lom
708 2208 747 2248 ex
768 2187 825 2249 ista
850 2186 1000 2266 arguendi
1036 2189 1169 2249 formula
1190 2189 1236 2249 vi·

91 2291 158 2353 deri
178 2305 293 2373 potest,
321 2314 401 2376 quae
423 2295 506 2354 hunc
533 2293 703 2373 sophistam
725 2290 838 2372 cupido
866 2293 967 2354 inanis
995 2293 1110 2372 gloriae
1139 2305 1237 2379 traus-

92 2414 213 2455 vcrsnm
233 2395 314 2458 lacit.
355 2393 416 2458 Sed
438 2394 619 2457 usuvenire
639 2396 726 2470 solet,
746 2406 779 2455 ut
800 2394 879 2455 alios
893 2415 932 2455 ox
953 2396 1042 2456 nobie
1058 2397 1235 2472 metismur3

88 2509 120 2558 ot
140 2497 223 2576 ipse,
243 2517 313 2559 cum
334 2498 444 2559 suatim
466 2499 657 2578 improprius
677 2511 707 2561 et
727 2499 854 2579 ineptus
867 2501 925 2575 sit,
954 2501 1070 2582 ubique
1091 2499 1130 2563 tle
1152 2504 1235 2565 locu·

89 2602 181 2664 tionis
198 2599 429 2681 improprietate
450 2621 508 2665 nos
529 2603 639 2682 carpit,
675 2603 810 2663 Galenus
825 2601 932 2666 ridens
947 2603 1101 2666 interdum
1118 2603 1235 2686 disper·

87 2700 301 2766 iudicationem
323 2705 490 2765 humorum
514 2716 544 2765 ct
564 2705 695 2765 febrium
717 2705 994 2782 inconsistentiam,
1025 2706 1139 2787 quibus
1160 2719 1235 2786 puta

88 2811 169 2870 nihil
187 2805 261 2869 certi
284 2807 333 2868 vel
354 2807 386 2866 in
408 2804 561 2886 periodis,
593 2808 642 2868 vel
663 2807 756 2884 signis
776 2804 925 2889 digestivc
952 2807 1141 2887 ostenditur,
1169 2828 1234 2892 quo

88 2931 153 2972 sese
173 2912 279 2973 iuvere
299 2912 396 2991 possit
416 2913 448 2971 in
470 2930 563 2992 opere
586 2909 730 2987 medicus,
751 2909 894 2990 dignutus
915 2925 960 2974 cst
982 2914 1049 2974 lmc
1061 2914 1233 2975 nomencla-

89 3028 157 3074 tum
177 3016 350 3090 cacoethes,
365 3013 457 3097 ,qood
480 3026 567 3077 sonat
588 3015 667 3074 rnale
689 3014 887 3094 morigeratos
894 3048 910 3091 ‚·
935 3027 965 3076 et
986 3016 1086 3076 lobres
1117 3028 1148 3076 et
1174 3018 1234 3074 lm-

88 3139 188 3180 mores
207 3121 372 3199 appellare.
422 3119 458 3178 Et
481 3119 522 3180 ita
545 3116 628 3179 lmud
659 3138 744 3180 secus
759 3139 864 3199 'esque
883 3119 1001 3179 tutione
1031 3120 1143 3179 vulnus
1172 3118 1233 3176 Te-

86 3225 190 3305 lephi,
221 3222 316 3306 quod
349 3223 501 3302 Apollinis
531 3224 657 3283 oraculo
689 3223 790 3282 sanari
822 3241 885 3281 non
913 3221 1031 3300 potuit,
1063 3220 1121 3280 nisi
1150 3221 1232 3281 ferro

90 3327 234 3399 Achillis,
259 3344 323 3405 quo
346 3334 435 3384 autea
458 3335 523 3384 eret
543 3341 740 3402 percussum,
772 3321 882 3382 iterum
914 3321 1125 3398 refricaretur,
1153 3325 1232 3385 mele

79 3424 303 3504 morigeratum
326 3426 523 3504 nuncupavit,
545 3439 659 3487 ceteros
679 3424 728 3486 vel
748 3425 888 3504 culpans,
911 3427 960 3486 vel
978 3443 1156 3505 coarguens,
1176 3433 1232 3510 qui

85 3532 117 3594 id
130 3528 299 3610 telephium
322 3529 370 3588 vel
392 3528 571 3589 chironeum
593 3526 756 3591 dixerunt:
785 3527 995 3610 inquit-enim
1017 3527 1231 3590 voluminc'dc

86 3636 260 3698 tumoribus
280 3643 400 3712 practer
422 3644 580 3698 netummt
609 3632 800 3713 superfluum
821 3644 867 3694 est
887 3632 930 3695 itn
953 3634 1128 3711 nominare,
1160 3644 1231 3694 sum

87 3741 167 3802 enim
189 3738 292 3800 omnia
313 3739 391 3798 male
413 3738 609 3818 morigerata:
630 3735 805 3820 acceditque
826 3736 953 3799 Plinius.
971 3762 974 3767 ¹
991 3732 1163 3798 Columella
1183 3756 1230 3795 ce·

85 3845 205 3924 torique
236 3839 451 3902 accuratissimi
481 3843 644 3921 scriptores
679 3841 822 3916 noxium,
852 3837 937 3922 quod
967 3842 1051 3901 coelo
1078 3838 1230 3918 provenit,

85 3967 167 4007 nunc
196 3947 310 4005 mulum
322 3986 331 4018 ,
369 3963 451 4007 nuuc
486 3943 631 4004 iniuriam
655 3955 779 4017 vocant,
818 3940 902 4024 quod
941 3962 959 4000 s
991 3954 1072 4002 terra
1102 3938 1230 4000 affertur

86 4047 242 4122 domnum,
265 4058 378 4126 pestem
400 4046 565 4125 appellant.
610 4047 729 4107 Horum
745 4044 919 4115 'imitatione
939 4064 978 4102 ex
1002 4040 1229 4103 doctrinnl’sn·

85 4147 196 4230 dulphi
218 4149 384 4210 Collenutii
417 4169 536 4208 calisam
570 4149 663 4210 huius
685 4148 817 4210 nominis
841 4144 886 4206 'ad
918 4145 1061 4206 morbum
1086 4146 1229 4223 gallicum

85 4255 189 4314 censeri
219 4251 404 4331 disputative
435 4250 693 4327 transferendam,
735 4263 800 4313 tum
828 4251 905 4332 'quia
936 4250 1010 4310 coeli
1048 4249 1228 4328 intemperie

86 4356 246 4436 provenit,
269 4368 332 4417 tum
356 4352 440 4436 <prod
463 4357 494 4415 in
516 4370 563 4432 eo,
583 4352 737 4437 quidquid
759 4355 898 4434 putrefit,
918 4372 981 4416 non
1003 4350 1154 4426 consistit,
1174 4351 1227 4412 sed
