2806 4800
719 241 791 312 102

264 429 327 494 Sed
347 429 421 513 quia
450 448 512 490 nou
534 422 657 489 eaedem
679 422 819 488 exercitii
836 423 951 505 epeciea
981 425 1127 487 omnibus
1148 441 1325 508 congruunt
1378 504 1381 507 ¹

179 533 372 608 hominibus,
402 527 484 614 (aliia
505 528 587 590 enim
611 525 722 609 pedes,
754 526 822 588 aliia
844 545 956 607 aquea,
985 527 1053 589 aliia
1074 527 1252 607 navigando
1272 546 1327 594 aut

178 636 267 698 aliter
288 633 449 698 exercitari
478 628 633 715 convenit)
655 628 736 707 ideo,
757 627 878 694 atudeat
903 626 1040 694 medicae
1059 631 1324 695 ltaaaaacundum

178 737 442 825 viraeoorpornm
473 747 503 797 ct
533 754 734 816 patronarum
762 733 951 813 exigentium
976 733 1152 814 iniungere,
1181 736 1258 801 aicut
1272 756 1325 797 ax

177 841 336 905 nucum
356 840 447 904 tertia
465 839 560 921 primi
580 835 623 901 de·
636 837 794 919 apeciebua
812 837 949 900 exercitii
966 834 1081 902 &aare
1100 839 1226 921 poterit.

249 979 298 1039 ‘'ln
317 976 426 1040 aoinno
459 988 489 1039 et
509 975 614 1056 vigilia
645 971 794 1037 servanda
822 987 867 1037 eat
887 966 1049 1055 temperies
1070 988 1101 1039 et
1121 973 1324 1053 mediocriter,

178 1079 325 1159 quoniam
344 1091 492 1162 utraque,
509 1086 572 1141 tam
592 1098 735 1154 somnne,
764 1097 858 1160 quam
888 1077 1010 1156 vigilia,
1044 1090 1166 1159 praeter
1194 1073 1323 1140 modum

177 1181 256 1242 laeta
273 1194 399 1259 nocent,
419 1194 454 1244 ut
474 1182 509 1242 iu
528 1179 861 1262 aphorismis-tenatur
879 1179 1103 1242 Hnrocaaraa.

261 1318 396 1398 Vigiliae
424 1318 506 1381 enim
540 1317 712 1398 superfluae
747 1317 894 1377 humores
923 1327 1036 1378 aurunt
1066 1325 1096 1377 et
1122 1307 1322 1376 inflammant.

176 1421 310 1484 Somnus
340 1422 430 1484 etiam
458 1412 584 1499 longus,
611 1412 704 1500 aupra
734 1419 933 1481 inanitionem
961 1420 1075 1494 factus,
1097 1414 1181 1478 idem
1212 1436 1322 1498 opera·

176 1532 238 1582 tur.
289 1521 389 1585 Aliter
408 1541 482 1585 vero
509 1522 604 1582 factue
632 1517 841 1600 infrigidando
862 1532 893 1582 et
919 1516 1123 1581 humectando
1153 1532 1242 1583 nocet
1273 1517 1322 1581 di·
1381 1515 1385 1528 '

176 1622 309 1700 gentivae
343 1623 451 1688 virtuti
480 1644 515 1685 ac
543 1642 601 1704 per
635 1607 694 1684 hoc
724 1621 907 1703 multiplicat
937 1621 1101 1702 superflua.
1151 1621 1232 1686 'Fiat
1261 1623 1321 1685 ita·

177 1747 240 1807 que
267 1728 365 1808 spatio
400 1739 517 1808 neptem
545 1737 599 1788 aut
626 1738 694 1788 octo
726 1725 892 1800 horarum,
929 1736 1080 1806 quateuua
1102 1722 1146 1813 in
1173 1744 1210 1786 eo
1237 1725 1320 1787 bona

175 1826 228 1888 fiat
257 1823 385 1906 digestio
413 1842 443 1892 et
471 1826 613 1908 corporie
637 1825 822 1888 liumectatio
852 1825 1071 1905 aubatantifim3
1104 1822 1192 1888 nocte
1216 1840 1319 1890 autem

176 1925 347 1991 dormiatur
375 1942 405 1993 et
434 1925 497 1993 non
518 1930 552 1990 in
572 1927 641 2005 die,
659 1927 720 1989 niai
741 1947 781 1989 ex
800 1927 936 2008 legitima
954 1949 1043 1990 causa
1056 1940 1223 1991 nocturnae
1243 1929 1320 1991 suie-

175 2042 221 2092 aet
240 2031 369 2094 ablatue.
409 2030 469 2094 Se'd
492 2043 594 2095 caveat
611 2041 823 2112 praeservatur
844 2014 987 2112 quiaque,
1012 2042 1047 2092 ut
1058 2030 1198 2107 camisiis,
1216 2031 1319 2093 liutei'e

175 2145 205 2194 et
225 2133 441 2214 coopertoriis,
461 2135 525 2196 imo
546 2133 761 2212 manutergiis,
781 2132 898 2214 quibus*
913 2132 1063 2213 pustulati
1084 2133 1132 2194 uei
1152 2144 1232 2209 eunt,
1254 2152 1318 2194 non

174 2237 384 2313 approximet,
411 2257 466 2296 nec
487 2237 530 2298 eia
551 2248 654 2298 utatur
674 2237 781 2318 aliquo
809 2231 919 2296 modo:
947 2234 981 2295 in
1008 2253 1071 2318 quo
1103 2236 1200 2297 multa
1227 2232 1317 2296 dehet

174 2356 237 2396 eaae
260 2339 384 2400 cautela.

214 2488 216 2493 ·
258 2470 294 2533 ln
317 2472 413 2534 animi
432 2473 625 2554 paaaiouibua
648 2486 757 2539 nocent
775 2472 898 2567 omnea,'
928 2496 1008 2559 quac
1035 2477 1180 2539 humores
1201 2475 1316 2556 agitant

72 2582 76 2590 '
173 2575 306 2637 multum
336 2588 366 2640 et
385 2577 576 2642 inflammant
601 2591 694 2661 atque
717 2583 887 2657 exacuunt,
915 2591 950 2642 ut
970 2580 1034 2658 ira,
1061 2580 1148 2656 rixa,
1177 2580 1265 2642 furor
1285 2591 1315 2640 et

173 2676 279 2742 odium
301 2678 498 2746 diuturnum:
526 2703 589 2746 non
610 2685 713 2746 minue
733 2684 827 2746 timor
846 2695 876 2745 et
896 2682 1019 2746 tristitia
1025 2680 1044 2760 ‚'
1063 2684 1154 2762 longa
1186 2692 1259 2744 cura
1286 2693 1314 2742 et

171 2780 345 2846 aollicitudo
369 2786 504 2865 plurima
533 2783 743 2863 dimittantur,
771 2806 868 2871 quum
898 2805 961 2848 non
988 2805 1099 2867 parum
1128 2776 1244 2848 faciunt
1274 2781 1314 2844 ad

172 2882 403 2963 generationem
414 2887 554 2955 humoris
576 2888 772 2950 melancolici.
787 2870 940 2950 ³v0rum'
951 2887 1007 2949 ieta
1019 2887 1170 2967 corrigere
1186 2899 1232 2950 eat
1248 2896 1313 2947 ma·-

172 2984 218 3062 gie
235 2986 416 3068 philosophi
437 2991 578 3067 moralia,
612 3013 706 3075 quam
727 2984 848 3073 physici
867 3002 962 3072 'opum
1012 2986 1152 3072 Quisque
1182 3009 1254 3068 ergo
1281 2989 1314 3049 in

171 3088 221 3150 hia
241 3091 282 3152 ait
302 3091 352 3154 aui
378 3091 476 3173 iptiua
496 3107 646 3156 corrector
666 3108 696 3157 et
716 3097 871 3174 regulator
894 3107 924 3157 et
944 3091 1063 3156 etudeat
1084 3093 1162 3154 bene
1181 3111 1314 3169 sperare,

171 3189 315 3254 iucunde.
332 3193 437 3257 vivore
454 3208 495 3259 ·et
521 3194 654 3276 gaudere
672 3198 849 3280 frequenter
885 3207 979 3279 atque
1001 3216 1069 3258 cum
1090 3192 1195 3256 amicie
1216 3204 1245 3253 et
1266 3189 1315 3253 di·

169 3293 256 3356 lectio
275 3297 448 3377 converaari
465 3310 497 3360 et
516 3299 715 3361 confabulari.
765 3301 849 3361 Haec
877 3299 960 3361 enim
988 3298 1101 3362 faciunt
1125 3293 1168 3359 ad
1189 3314 1315 3376 genera·

170 3395 287 3456 tionem
306 3397 463 3476 aanguinia
482 3397 662 3478 laudabilia,
695 3401 839 3464 contrarii
852 3438 854 3443 .
866 3401 1051 3464 humoribus
1078 3399 1182 3480 pratia
1206 3419 1315 3479 eupra-

171 3492 276 3572 dictia,
304 3517 344 3559 ex
369 3498 485 3579 quibua
512 3520 655 3581 praeaene
682 3503 795 3584 paceio
813 3503 963 3581 naacitur,
984 3516 1020 3566 ut
1042 3500 1201 3564 undecima
1223 3501 1315 3574 tertii,

171 3599 304 3678 capitulo
336 3601 507 3680 penultimo
542 3603 671 3668 elicitur.
745 3603 807 3670 Sed
842 3626 940 3688 quum
979 3606 1076 3668 coitua
1104 3624 1123 3662 a
1158 3601 1314 3680 plerisque

170 3700 266 3762 animi
285 3701 488 3767 accidentibua
509 3707 630 3769 annecti
649 3710 746 3783 colet,
774 3709 843 3769 licet
871 3709 962 3769 etiam
980 3704 1033 3768 -ad
1062 3715 1180 3766 motum
1208 3696 1313 3760 reduci

169 3815 290 3885 portet,
310 3804 350 3868 de
373 3828 410 3870 eo
434 3829 506 3888 argo
527 3810 579 3870 hic
598 3811 734 3874 breviter
756 3806 938 3885 dicendum,
966 3805 1052 3889 quod
1084 3804 1197 3877 coitue,
1222 3821 1312 3880 prae·

169 3900 274 3996 e'ertim
294 3911 430 3987 multus,
456 3911 490 3972 iu
511 3913 596 3973 omui
617 3914 696 3976 ae'rie
712 3912 906 3993 corruptione
926 3911 1018 3972 vitari
1037 3905 1143 3980 debet,
1170 3917 1205 3966 ut
1229 3902 1312 3964 Cou-

170 4027 339 4075 swrmns
359 4012 485 4087 amerit,
513 4015 599 4076 cuiue
615 4034 707 4077 cauea
729 4025 804 4089 eat,v
819 4011 965 4096 quoniam
985 4027 1091 4072 omnee
1110 4006 1238 4070 virtuter
1258 4003 1312 4066 de·

170 4110 288 4188 bilitat,
308 4136 420 4196 corpua
439 4112 566 4178 deaiccat
583 4117 790 4179 rehementan
809 4124 841 4176 et
860 4114 1007 4174 humorea
1035 4111 1132 4170 malon
1151 4107 1191 4169 ad
1211 4122 1311 4170 cutem

169 4215 334 4291 convertit,
355 4229 389 4277 ut
409 4217 538 4297 septima
551 4215 661 4296 ¹umenti
682 4213 719 4277 de
740 4217 841 4279 aoahie
861 4225 892 4276 at
911 4214 1033 4294 pruritu
1047 4209 1130 4274 dicit.
1170 4213 1311 4274 Praeser·
1373 4204 1382 4221 ‘

169 4319 225 4380 tim
248 4295 337 4380 etiam
360 4339 411 4381 eoa
432 4317 470 4380 ad
489 4318 631 4398 genitalia
652 4315 790 4380 derivare
811 4315 951 4391 videtum,
981 4327 1107 4398 propter
1139 4313 1309 4378 concoctio-
