2806 4800
653 249 726 321 121

125 459 205 520 quae
226 436 292 501 cuti
308 436 498 501 vicinantur.
527 435 673 497 llocessit
690 432 808 497 ad1ltoc
827 433 1001 514 plurimam·
1019 431 1143 501 dietum
1164 453 1264 497 estoce-

127 539 264 603 dentium
285 539 392 601 crebra
413 539 445 598 in
467 537 668 619 qualitatibus
681 536 834 620 varietas,
864 538 927 599 iam
954 535 993 599 ad
1021 535 1172 614 calidum,
1194 539 1265 600 iam

124 639 164 703 ad
185 639 333 718 frigidum
359 640 461 702 subita
479 637 623 720 quadam
643 639 832 717 motatione,
872 640 953 701 Hinc
981 641 1146 703 humorum
1169 639 1266 701 varie·

124 755 172 809 tas
191 743 360 807 necessario
380 741 562 819 exsurgebat
582 760 651 801 cum
673 738 842 802 debilitate:
855 742 963 803 caloris
982 743 1128 820 relaxati,
1155 742 1267 803 humo·

125 865 174 906 res
194 845 334 922 regulare
353 857 416 905 non
437 842 579 922 potentis.
631 839 763 913 Adbuc
783 855 828 904 est
848 843 1056 905 testimonium
1084 842 1267 907 venerabilis

126 946 205 1014 senis
227 945 562 1008 Htrroensrrs'iterum
580 943 672 1007 tertio
692 944 956 1022 aphorismorum:
978 946 1012 1006 in
1033 947 1120 1009 horis
1139 944 1266 1032 quando

127 1044 230 1107 eadem
252 1045 306 1109 die.
322 1043 490 1128 aliqnando
512 1060 627 1124 aestus,
647 1045 815 1129 aliquando
837 1069 912 1111 vero
931 1049 1047 1126 frigus,
1075 1053 1266 1113 autumnales

125 1147 331 1227 aegritudines
364 1163 542 1230 exspectare
574 1162 716 1233 oportet,
745 1148 778 1212 id
814 1162 876 1226 est,
890 1153 1049 1212 -morbum
1075 1149 1114 1213 de
1141 1153 1267 1214 materia

124 1248 248 1326 adusta,
269 1252 310 1312 ob
331 1252 581 1315 incinerationem
602 1273 691 1315 versa
710 1253 749 1321 tn
763 1253 1006 1315 melancholiam.

208 1355 266 1416 His
285 1374 358 1434 ergo
379 1354 555 1418 coadunatis
575 1355 758 1422 humoribus
781 1355 960 1435 superfluis,
982 1376 1022 1417 ex
1043 1352 1175 1437 pudent
1197 1355 1267 1414 arni·

123 1456 234 1519 vassali
267 1477 357 1521 causa
387 1459 509 1520 coelesti
545 1468 742 1519 concurrente
778 1455 971 1519 crudioribus
1000 1456 1104 1532 factis,
1143 1453 1267 1519 tandem

123 1555 256 1635 adstatis,
275 1560 432 1623 variarum
452 1561 647 1640 pustularum
668 1560 898 1623 exuberantiam
923 1559 1045 1622 evenire
1061 1556 1180 1621 necesse
1192 1569 1267 1630 erat,

124 1682 204 1743 quae
231 1661 333 1724 minus
364 1666 414 1725 vel
444 1665 541 1743 magis
569 1684 680 1744 corpus
706 1664 879 1725 humanum
913 1663 1081 1741 affligentes
1108 1661 1269 1724 intensiori
1332 1654 1335 1665 ’

123 1765 367 1826 velrentissiori
381 1763 541 1827 adustione
560 1767 625 1827 cuti
642 1786 678 1829 ee
694 1764 840 1844 infigunt,
859 1779 942 1847 quae
962 1766 1091 1827 varietas
1111 1766 1145 1825 in
1162 1774 1268 1842 aperto

125 1879 188 1940 est,
213 1866 242 1926 si
262 1863 475 1929 discretionem
495 1868 617 1941 sentis,
649 1887 758 1942 sexus,
790 1867 939 1944 regionis,
971 1865 1192 1947 complexionis
1212 1876 1267 1925 ete.

124 1965 284 2029 advertere
302 1967 501 2028 voluerimus.
542 1968 656 2028 Visum
672 1981 717 2030 ast
729 1967 907 2055 deniquoin
923 1969 1119 2031 calidioribus
1134 1967 1268 2046 regioni·
1339 1950 1341 1954 ,

125 2071 188 2132 bus'
199 2070 258 2131 hoc
274 2069 385 2130 morbo
402 2068 488 2146 prius
508 2069 664 2131 laborasse
678 2070 829 2144 homiues,
849 2068 973 2131 tandem
984 2069 1205 2148 frigidioribus,
1227 2068 1267 2128 ob

125 2171 304 2232 varietatem
324 2169 532 2248 passibilitatis
553 2186 726 2251 corporum
739 2173 849 2233 merito
870 2172 1004 2249 regionis
1024 2183 1214 2233 contractam.

211 2272 354 2351 Superest
376 2269 474 2333 dicere
496 2270 534 2334 de
557 2271 742 2354 quibusdam
764 2270 969 2335 accidentibus
988 2286 1019 2335 et
1039 2272 1137 2334 causis
1158 2289 1268 2332 eorun-

127 2373 214 2449 dem,
237 2394 334 2454 quare
352 2373 488 2452 primum
509 2375 588 2436 cir'ca
609 2371 759 2454 pudenda·
783 2376 924 2453 postulae
947 2386 1125 2454 appareant.
1176 2372 1269 2434 Ratio

126 2487 170 2537 est
190 2476 310 2538 viarum
328 2475 452 2554 largitas
473 2463 551 2538 ciro'a
570 2477 734 2538 seminaria
755 2496 829 2539 vasa
848 2498 866 2539 a
888 2479 972 2539 venis
993 2477 1218 2556 emulgentibus
1239 2488 1270 2536 et

124 2579 236 2641 arteria
256 2575 357 2639 adorti
376 2575 551 2640 immediata
571 2579 746 2641 ramificata.
799 2580 859 2640 Per
879 2599 1012 2662 quorum
1033 2577 1268 2658 amplitudinem

126 2682 175 2741 vel
195 2680 356 2759 propeob
376 2676 560 2740 caliditatem
580 2701 746 2759 magnam,
763 2701 829 2742 nnn
861 2683 1000 2743 obstante
1018 2681 1150 2741 illorum
1178 2698 1267 2741 revo-

124 2783 242 2845 lutione
263 2780 365 2856 varia,
386 2777 472 2860 quod
494 2783 608 2842 malum
631 2795 691 2858 est,
719 2783 921 2863 propellitur,
953 2801 1017 2843 non
1051 2778 1177 2863 quidem
1208 2780 1268 2840 ibt-

126 2881 196 2944 dem
217 2895 316 2958 stans,
345 2880 398 2944 ssd
418 2883 541 2961 longius
569 2905 668 2967 usque
695 2882 736 2945 sd
759 2897 912 2947 veretrum
940 2885 991 2946 vel
1010 2880 1170 2963 pudenda,
1200 2895 1268 2945 tan·

126 3005 220 3067 quam
239 2987 339 3047 locum
361 2986 576 3064 spongiosum,
609 2987 683 3048 alias
713 2987 837 3060 urinae,
867 2999 1014 3068 tanquam
1041 2984 1269 3064 superfluitatis,

125 3106 272 3166 capacem.
316 3088 431 3150 similia
450 3089 549 3163 ratio,
569 3110 624 3151 cur
642 3091 743 3152 fauces
763 3103 965 3168 occupentur:
991 3089 1033 3148 ob
1050 3088 1174 3147 illarum
1196 3102 1268 3164 par-

125 3187 202 3249 tium
222 3189 376 3253 raritatem
395 3189 601 3268 spongiosam,
620 3190 788 3270 boemorum
810 3191 898 3250 facile
918 3189 1132 3266 susceptivam,
1146 3184 1177 3247 id
1198 3207 1268 3254 eve,-

124 3289 208 3365 nire,
229 3301 346 3350 eertum
367 3302 422 3351 est.
749 3311 751 3314 ⁴
959 3350 960 3353 ,
1154 3344 1157 3349 .

167 3437 169 3443 .
211 3390 337 3451 Dolonis
357 3390 557 3450 articulorum
580 3409 699 3453 causam
722 3387 833 3454 offerre
855 3411 918 3453 non
949 3403 994 3453 ast
1015 3389 1268 3474 usitatasque

125 3486 253 3569 quidem
275 3510 338 3552 non
361 3511 461 3572 aeque
480 3493 615 3570 singulos
636 3491 745 3570 afficit,
769 3494 825 3558 sed
846 3494 1059 3575 obgrossitiei
1090 3506 1120 3557 et
1146 3495 1269 3559 subtilis

125 3590 195 3652 tatis
221 3591 361 3653 hutnoris
389 3592 565 3655 varietatem
594 3596 746 3658 musculos
773 3617 827 3660 seu
856 3617 967 3662 nervos
991 3598 1062 3677 plus
1089 3597 1138 3660 vel
1166 3597 1268 3663 animo

124 3690 264 3768 laedens,
286 3694 469 3755 solutionem
491 3695 587 3758 ferme
607 3699 920 3777 continui-iadendo,
941 3703 1108 3764 saeviorem
1133 3702 1182 3762 vel
1202 3721 1267 3761 nra·

125 3795 171 3873 gis
191 3797 351 3860 remissum
372 3798 464 3860 inlert
486 3797 632 3862 dolorem.

314 3984 368 4045 De
398 4005 509 4047 causa
542 3986 756 4065 universali
786 3958 1070 4067 suparffllesti.
1137 4050 1140 4057 ,

210 4101 340 4166 (laruam
363 4105 566 4169 universalem
589 4105 735 4183 indagare
753 4106 848 4180 libet,
867 4125 948 4186 quae
967 4124 986 4164 a
1006 4080 1267 4183 superiorumest

125 4204 255 4267 influxu.
298 4202 398 4267 Omne
421 4208 520 4281 enim,
542 4206 624 4288 quod
647 4209 679 4268 in
701 4210 760 4270 ltoc
780 4205 896 4270 tntsndo
919 4211 1033 4284 oritur,
1060 4227 1266 4271 causamoor·

125 4308 360 4391 respondentem
392 4322 421 4371 et
448 4314 692 4394 praesignantem
722 4315 815 4376 babet
835 4318 867 4377 in
889 4317 982 4378 coelo.
1042 4315 1155 4377 Vultus
1183 4311 1265 4371 euim
