2806 4800
575 260 693 336 .1tt
771 294 773 301 ,

85 445 173 507 brevi
194 443 234 506 de
257 444 398 507 universo
421 455 521 507 vestro
539 446 699 526 &mansio
717 457 829 522 actum,
846 447 1075 511 sestronomini
1096 432 1236 509 dsdecori

86 568 121 608 sc
138 547 304 609 immortali
334 548 469 608 maculae
496 546 624 628 futuros.
640 548 732 628 plens
759 548 932 628 prospicio,
956 561 991 610 ³et
1018 559 1143 629 praeter.
1164 549 1235 624 lsoc,

86 648 172 732 quod
200 647 377 716 alabandici.
399 649 501 730 operis
526 649 574 712 sui
606 651 718 715 infelix
744 652 902 731 inscriptio
923 673 1030 715 verttm
1053 652 1235 714 ementistur

85 765 240 815 auctorem
263 764 293 814 et
314 750 397 833 quod
418 739 475 814 nos
494 774 597 815 merse
619 752 775 816 cuiusdam
798 753 1026 831 declarationis,
1046 765 1082 817 nt
1103 755 1162 829 ait,
1185 754 1234 814 iu·

87 867 322 934 terpretamento
343 855 551 934 impatientiae
572 858 648 921 falso
669 871 803 935 accusat,
829 878 901 919 cum
928 859 1018 920 etiam
1041 856 1235 936 gravissimos

87 969 180 1039 atque
192 955 381 1018 doctissimos
401 957 485 1019 viros
505 971 553 1035 et,
568 979 636 1022 ‘non
658 961 760 1036 fallor,
778 961 819 1022 ob
840 980 906 1021 rem
921 959 1088 1022 litterariam
1109 958 1236 1019 immor·

87 1059 201 1121 talitste
223 1056 381 1121 donandos
400 1057 521 1122 fabellis
536 1061 608 1124 suis?
615 1062 756 1124 anilibus
776 1075 806 1124 et
825 1062 926 1142 plenis
947 1073 1039 1124 sento
1053 1058 1235 1122 deliramen-

88 1161 126 1221 tie
148 1162 234 1224 scioli
255 1180 341 1223 ruore
362 1181 427 1223 nors
448 1159 542 1224 modo
563 1164 845 1243 reprehensibiliter
864 1159 1103 1244 reprehendere,
1125 1180 1233 1224 serum

86 1262 237 1323 suffocare
256 1282 383 1342 prorsus
403 1264 483 1324 nillil
507 1262 611 1344 pudet.
656 1262 752 1343 Quis,
773 1267 922 1348 inquam,
940 1263 985 1326 dii
1005 1264 1098 1340 boni,
1120 1264 1236 1326 littera·

26 1422 29 1430 ,
86 1383 156 1425 rum
176 1363 330 1428 studiosus
351 1387 387 1428 es
407 1364 555 1428 modestia
578 1366 734 1447 praeditus
757 1381 883 1451 tamque
903 1369 983 1430 sellis
1004 1367 1116 1446 inops,
1131 1377 1165 1427 ut
1178 1387 1236 1429 ttu-
1256 1426 1261 1433 ,

87 1463 173 1529 diens
191 1468 342 1531 illustrem
363 1469 503 1531 tomam
520 1472 620 1532 Prcvr's
641 1493 682 1533 ne
701 1472 913 1548 llumunuas,
941 1468 1119 1533 concordiae
1141 1469 1248 1535 cotni·.

86 1581 167 1646 tem,
187 1572 337 1633 bonarum
359 1572 472 1633 artium
492 1572 719 1652 sospitatorem,
745 1575 867 1635 lumen
879 1575 1019 1648 unicum,
1049 1570 1236 1652 praesidium

86 1669 208 1737 drusum
218 1716 228 1751 ,
249 1666 465 1737 fulcimentum
481 1694 607 1755 semper
631 1677 874 1754 inconcussum,
891 1687 944 1738 eut
964 1675 1132 1739 Nrcocsust
1152 1675 1236 1737 lno-

87 1794 233 1849 succnun,
256 1777 407 1856 insignem
420 1777 582 1859 utriusque
595 1779 719 1857 linguas
735 1779 942 1860 interpretem,
959 1779 1122 1861 physicum
1146 1798 1236 1858 proso

87 1889 170 1939 terea
199 1879 342 1957 apprime
381 1877 523 1955 doctum,
557 1881 600 1940 ab
626 1883 752 1942 homine
785 1883 896 1944 minus·
915 1880 1037 1944 erudito
1065 1900 1238 1970 parumque
1336 1950 1345 1967 Ι

89 1977 178 2043 docto
197 1979 353 2041 criminari
372 1999 409 2041 ec
430 1980 536 2040 lacessi
558 1980 685 2055 iniuste,
705 1981 935 2063 iniquissimum
955 2003 1031 2044 vero
1052 1981 1151 2043 taxari
1173 2002 1237 2042 car·

89 2082 201 2162 pique,
220 2101 284 2147 non
304 2080 710 2144 summnmiuexcsndescat
734 2096 764 2144 ct
785 2082 925 2164 adusque
946 2083 1159 2144 intestinorum
1181 2080 1236 2144 doe

89 2188 184 2248 lorem
197 2204 259 2249 non
270 2186 389 2247 lresnat.
431 2187 519 2247 Malo
531 2186 573 2247 its
584 2205 640 2264 ego
653 2187 756 2248 abillo
768 2186 956 2265 impatiente,
972 2185 1149 2264 praesertim
1162 2181 1235 2245 dunt
1282 2230 1286 2240 s

90 2285 193 2366 digus,
204 2306 274 2346 vera
285 2287 426 2369 iustaque
438 2308 558 2368 promo,
570 2309 663 2369 qnam
675 2288 737 2350 illis
748 2288 823 2350 viris
833 2285 916 2349 haud
928 2286 1022 2350 dubio
1032 2285 1238 2349 disertissimis

91 2391 139 2449 vel
151 2389 367 2468 negligentiae,
379 2394 429 2453 nel
445 2390 674 2470 ingratitudinis
685 2392 834 2455 accusari:
848 2411 912 2452 nec
921 2389 1043 2470 lepidas
1056 2389 1236 2453 homuncio·

89 2493 137 2554 nis
157 2493 251 2552 ltuins
272 2504 302 2554 et
321 2493 449 2554 festivae
469 2476 674 2571 urbanitates,
701 2494 958 2557 naseturilitates
978 2492 1094 2569 dicem,
1123 2493 1238 2576 quibus

88 2593 263 2657 indecenter
283 2596 447 2678 inepteque
468 2595 500 2656 in
522 2617 572 2658 ms
586 2597 734 2672 abutitur,
755 2617 774 2656 a
792 2584 1096 2658 mrs'umerevusent
1115 2607 1237 2674 coepto·

89 2721 151 2781 qne
173 2695 360 2773 deterreant,
386 2719 452 2780 quo
480 2700 593 2760 veritas
623 2701 776 2760 reveletur
807 2699 926 2774 minus,
955 2717 1074 2760 errores
1101 2699 1238 2779 vitiaque

88 2805 144 2861 stra
162 2797 343 2880 detegentur
362 2803 472 2864 serius.
500 2829 503 2833 ·
523 2803 705 2865 Arocnmsn
723 2803 861 2864 furenter
881 2803 960 2864 irato
981 2801 1090 2863 similis
1110 2821 1160 2862 me
1179 2821 1236 2863 vo-

88 2914 135 2963 cat
165 2903 295 2984 locoque
320 2903 457 2988 numinis
485 2901 680 2982 habendum,
714 2901 889 2966 nbilaudo
917 2905 1077 2965 consilinm
1104 2902 1237 2977 artificis,

89 3007 145 3088 qui
165 3007 292 3068 simulac
311 3006 439 3069 fractum
460 3029 493 3070 ss
513 3009 595 3070 iusta
614 3010 805 3089 honesteque
825 3005 1001 3068 defensione
1021 3003 1172 3066 desertum
1190 3005 1237 3065 vi·

89 3106 186 3184 derit,
207 3109 344 3171 animum
366 3111 459 3173 simul
479 3132 548 3172 eum
569 3113 686 3172 calamo
706 3111 857 3171 chartario
878 3106 916 3169 ad
938 3108 1075 3169 levitates
1096 3118 1137 3167 et
1151 3108 1237 3167 iont-

88 3211 218 3273 lntiones
237 3214 339 3274 vertit.
382 3214 460 3273 Aliae
474 3213 553 3272 milri
573 3210 692 3286 credat,
712 3231 777 3271 non
797 3210 869 3283 ills,
891 3221 934 3283 ut,
955 3205 1040 3290 quod
1065 3211 1144 3286 vult,
1163 3228 1235 3269 con-

88 3326 250 3394 sequatur,
278 3309 481 3372 insistendum
509 3312 569 3373 sibi
591 3313 641 3372 via
661 3322 765 3390 putu,
806 3321 835 3372 et
858 3307 896 3369 ad
919 3311 995 3370 sales
1017 3310 1086 3371 illos
1106 3310 1167 3370 hoc
1186 3328 1236 3370 re·

88 3413 233 3494 sponderi
253 3413 314 3474 sibi
334 3414 445 3487 velim,
465 3433 516 3474 me
538 3433 601 3475 non
623 3433 687 3475 esse
707 3414 902 3488 Arocmran,
922 3431 977 3473 nec
994 3412 1062 3475 sius
1086 3433 1235 3494 usurpa-rs

88 3537 201 3578 nomen
222 3535 287 3577 esse
307 3516 341 3576 in
363 3517 483 3577 animo:
504 3516 562 3598 qui
581 3535 650 3578 snm
671 3514 738 3594 ipse
751 3533 802 3576 ms
816 3515 907 3592 novi;
924 3534 1038 3578 novere
1051 3514 1236 3579 mttltimilti

88 3620 190 3680 fronte
211 3615 328 3680 detecte
347 3619 380 3679 in
400 3620 564 3699 propatulo
589 3631 620 3680 et
640 3617 758 3700 ubique
776 3617 925 3695 gentium
946 3636 1068 3697 semper
1082 3617 1235 3690 incessus3

87 3718 173 3801 quod
190 3720 221 3781 ai
248 3718 473 3782 adverseriolus
501 3721 637 3800 ignorat,
667 3722 787 3800 scriptis
814 3722 892 3782 mei's
921 3721 1066 3799 epistolae
1093 3719 1236 3787 subiectis

88 3823 175 3882 brevi
196 3842 260 3884 non
280 3821 500 3884 mediocrisne
522 3824 657 3903 pernicie
678 3823 784 3885 diceet.
828 3824 905 3884 Dixi
927 3819 1234 3901 sternutamento

87 3942 149 3983 non
170 3924 376 3984 stunsiurari
396 3937 496 3986 tamen
518 3925 551 3985 in
568 3927 634 3988 eius
655 3925 767 3999 verba,
786 3936 821 3984 ut
840 3924 981 4002 cognitae
1001 3920 1122 3984 veritati
1142 3922 1235 3999 plena

88 4025 407 4087 cerasubscriberem.
460 4027 607 4088 Liberum
627 4028 668 4088 sit
695 4037 725 4086 et
744 4044 812 4086 non·
827 4023 1022 4102 ademptum,
1050 4010 1155 4084 eontra
1175 4040 1234 4097 me,

88 4146 167 4208 qttus
187 4129 288 4202 sentit,
308 4130 440 4190 scribere
461 4142 491 4192 et
514 4129 631 4208 dicere3
660 4148 712 4204 es,
727 4146 822 4209 quae,
842 4138 877 4186 ut
897 4125 1024 4186 militari
1044 4125 1140 4187 serbo
1156 4135 1234 4201 utar,

87 4230 120 4290 in
141 4248 190 4290 me
211 4231 371 4293 coniecerit
390 4232 498 4307 iaculo,
518 4229 603 4293 haud
624 4226 761 4310 trepidus
782 4227 931 4307 excipiam
952 4229 1165 4310 locoquc'non
1186 4247 1234 4287 ss·.

88 4331 168 4394 dam.
208 4334 353 4395 .l³ensitet
373 4344 474 4396 temen
504 4335 560 4413 (its
591 4353 668 4393 cnm
691 4345 795 4394 nostro
822 4332 914 4395 flacco
941 4330 1139 4395 humanitatis
1166 4328 1233 4389 iure
