2806 4800
713 221 787 297 tet

171 413 295 489 igneum
314 431 354 472 ex
376 428 524 473 converto
544 429 609 472 eece
630 409 711 470 ee‘rie
740 420 771 471 et
794 409 870 489 llaec
899 428 987 471 cauca
1008 431 1065 492 per
1092 431 1123 472 ee
1154 422 1184 472 et
1212 408 1326 474 imme-

172 512 254 574 diata
274 512 369 574 lebrie
389 510 612 592 pestilentialis:
634 530 690 571 nec
706 505 805 592 (quod
819 511 963 572 lortaeeie
985 532 1048 574 uon
1070 510 1170 574 oberit
1182 515 1325 598 monere)

172 611 308 675 delinitio
329 613 441 689 lebria,
462 631 556 694 quem
580 608 816 686 taceremus,
846 606 954 690 recipit
984 612 1209 693 expositionem
1238 614 1326 675 Gen·

65 717 67 720 ’
171 735 257 775 τιωε4
271 713 411 776 dicentiez
433 713 511 775 eieut
530 710 668 788 dicimus,
689 709 774 794 quod
791 711 918 791 nigredo
940 726 984 775 eet
997 712 1108 775 albedo
1129 734 1276 776 converse
1289 716 1323 777 in

172 814 379 896 nigredinem,
398 837 463 878 non
481 829 583 878 tamen
605 829 649 878 eet
669 814 799 892 albedo,
825 815 868 878 aie
888 816 982 878 febris
1005 837 1067 878 non
1088 829 1133 878 eet
1162 819 1246 878 calor
1266 836 1323 877 na·

172 919 296 994 turelie,
316 916 370 981 eed
391 931 443 982 eet·
455 921 539 983 celer
559 921 708 981 naturalis
725 918 864 980 mutatur
880 917 914 978 in
934 918 1077 997 igneum3
1098 938 1137 979 ex
1159 921 1216 980 lrec
1237 920 1321 980 enim

173 1020 364 1100 expositione
376 1021 538 1102 'requitur
552 1019 586 1080 iu
607 1017 741 1081 aduentu
771 1018 878 1080 lebrie·
892 1021 1023 1080 calorem
1051 1016 1221 1082 naturalem
1253 1040 1323 1082 eor·

173 1123 287 1204 rumpi,
306 1123 384 1185 eicut
403 1120 585 1186 ‘adveniente
604 1120 763 1204 nigredine
772 1121 979 1201 corrumpitur
998 1119 1128 1184 albedo:
1151 1121 1253 1184 abluta
1276 1132 1323 1184 eet

175 1245 248 1304 ergo
264 1227 493 1309 utque··erepta·
512 1226 747 1288 -ornnieeontre
775 1224 857 1287 dicta
885 1222 1049 1286 cavillandi
1077 1222 1203 1285 occario.
1260 1221 1325 1286 Sed

174 1323 332 1390 videamur
351 1328 495 1390 subtilem
517 1349 557 1389 ex
585 1327 662 1388 iem
677 1328 831 1391 convulsio
861 1326 1074 1396 et-labelectie
1102 1324 1325 1405 suppositioni-

173 1427 233 1488 bus
253 1427 446 1492 declemtotie
466 1430 740 1512 tubeumptionem.
793 1432 879 1492 Dum
908 1431 988 1492 enlm
1011 1426 1051 1512 (ei
1079 1440 1184 1508 petere
1212 1425 1325 1511 nollet)

174 1531 317 1613 colligere
336 1529 461 1596 deberet
480 1532 695 1597 externiue
723 1548 754 1598 et
774 1534 885 1598 colieae
901 1546 944 1596 ‘et
962 1532 1056 1594 lebria
1077 1544 1170 1614 atque
1189 1532 1324 1593 eliorum

174 1652 231 1710 per
248 1635 429 1715 epidemiale
440 1636 479 1702 *et
500 1638 779 1720 non-epideeriele,
808 1636 847 1700 de
875 1639 991 1721 quibus
1008 1637 1095 1702 eatie
1113 1657 1180 1716 ·per
1200 1636 1325 1715 ignora-

174 1734 288 1819 tionem
309 1760 367 1802 noe
389 1739 509 1819 docuit,
533 1740 617 1824 quod
638 1743 754 1803 melum
776 1741 939 1802 francicum
969 1739 1109 1802 similiter
1132 1736 1325 1820 quandoque

175 1847 205 1896 et
225 1840 413 1925 quandoque
433 1864 495 1906 non
515 1845 554 1906 eit
577 1842 757 1926 epidemiale
780 1845 896 1905 unitate
916 1843 1061 1904 esseutiae
1077 1855 1182 1924 v'etque
1212 1841 1325 1921 speciei

175 1957 295 2022 semper
314 1948 412 2021 salva,
433 1950 513 2011 aliut·
528 1948 610 2009 enim
633 1968 696 2010 eua.
709 1944 820 2008 divisio
841 1946 920 2006 nihil
939 1945 1088 2028 quadret,
1120 1967 1182 2027 qua
1203 1943 1325 2004 inscitia

175 2045 287 2121 nereio,
307 2060 396 2109 extra
416 2070 481 2112 rem
500 2060 532 2113 et
545 2071 636 2115 omne
652 2050 847 2130 proposition
856 2047 1039 2112 concludere
1050 2044 1213 2124 contendit,
1234 2058 1325 2128 prne⁴

176 2144 271 2206 latum
293 2151 436 2211 morbum
459 2172 541 2213 ntrnc
561 2172 625 2213 erre
652 2155 808 2233 portulae,
841 2172 925 2214 nuuc
951 2151 1121 2213 antltimata
1151 2162 1205 2213 aut
1232 2151 1325 2210 alltu·

176 2266 260 2306 mern
281 2249 473 2328 epidemialie
487 2265 523 2315 et
546 2252 657 2314 debere
677 2252 846 2315 eectntdum
876 2255 965 2317 ieteur
988 2252 1193 2315 diremitetem
1214 2251 1348 2315 cut-eri..

177 2345 283 2406 Firma
304 2349 428 2430 quidem
440 2349 543 2436 (serio
565 2351 646 2436 dico)
667 2352 717 2415 ad·
730 2351 882 2436 preedicte
904 2355 1071 2428 connexio,
1101 2376 1181 2436 quee
1201 2365 1326 2414 tantun·

178 2442 248 2507 dem
269 2449 525 2530 liabetglutinie,
557 2465 708 2536 quantum
734 2469 764 2518 et
784 2457 847 2519 ille.
901 2456 1117 2517 Exeutlrimeta
1143 2455 1226 2518 enim
1259 2455 1326 2517 ire.

178 2549 375 2617 ellloritionee
399 2558 539 2618 vernalee
557 2558 640 2620 iuter
656 2562 796 2640 pttetulee
815 2555 1044 2641 computantur,
1066 2556 1120 2620 red
1142 2568 1235 2636 prout
1256 2577 1329 2617 nae-

178 2667 290 2717 cuntur
309 2657 352 2721 ita
372 2661 565 2740 etepontire
585 2676 746 2742 curentur3
784 2685 840 2726 nec
859 2664 996 2745 prolecto
1015 2661 1143 2723 curatio
1170 2656 1282 2737 speciei
1306 2679 1326 2718 e

179 2777 289 2833 genere
310 2758 430 2824 direree
451 2774 514 2839 eet?
534 2773 590 2845 et,
610 2762 685 2827 deuo
716 2767 814 2841 bone,
844 2763 921 2847 quid
941 2783 1104 2826 commune
1125 2757 1326 2823 exantlrimeti

179 2870 208 2919 et
229 2857 436 2942 vitioleprae,
456 2861 496 2924 ed
512 2864 602 2927 'ettitre
614 2867 792 2946 ¹cupitulum
814 2864 937 2928 tandem
958 2885 991 2927 ee
1008 2865 1147 2939 remittit,
1171 2883 1235 2925 eece
1252 2881 1324 2941 poe·

179 2960 237 3038 rit,
263 2981 353 3031 nemo
375 2962 510 3045 prudens
535 2965 715 3044 .tgn0rar.--=›
730 2967 771 3029 m
798 2963 838 3027 de
856 2966 896 3028 iis
916 2968 1007 3044 eatie;
1020 2992 1024 3003 ¹
1039 2985 1120 3026 nunc
1140 2978 1260 3041 etitem,
1289 2974 1323 3025 ut

179 3064 270 3125 etiam
291 3067 402 3146 partim
420 3066 660 3150 respondeamus
680 3068 839 3131 calumniis
860 3069 949 3132 nobie
970 3069 1046 3129 laleo
1065 3068 1213 3146 irrogatis,
1234 3065 1325 3140 dicat,

181 3188 305 3249 qrraeeo,
330 3192 480 3253 qtraenam
501 3193 552 3236 ere
571 3173 625 3234 illa
646 3173 695 3248 eit,
714 3172 748 3234 in
770 3193 832 3256 qua
853 3183 898 3234 tot
921 3183 1029 3245 errato,
1051 3182 1096 3232 tot
1120 3168 1324 3241 deliramenta,

180 3282 226 3332 tot
246 3273 345 3334 anilia*
360 3277 574 3339 rubulamenta
593 3288 665 3338 eunt
686 3273 852 3356 divulgata.
894 3275 978 3338 Num
998 3275 1223 3350 Hirrocunrrs,
1250 3289 1325 3333 num

183 3372 302 3432 (luceru
322 3387 375 3435 eut
395 3375 596 3438 Auernum?
640 3376 791 3439 Minime:¹
812 3375 865 3440 eed
889 3378 1024 3444 lortaeeie
1046 3377 1146 3440 insani
1163 3379 1327 3446 Turesim,

183 3471 238 3552 qui
259 3473 398 3535 Neuorre
415 3476 919 3554 principie·familiaritate-colito
952 3478 1097 3563 audacior
1126 3480 1224 3540 iactus
1244 3476 1327 3538 mille

183 3590 304 3634 errores
335 3573 368 3632 in
398 3571 564 3651 medicina,
596 3589 631 3638 ut
660 3590 764 3638 erutor
793 3592 838 3641 eet
865 3581 1011 3641 Grinnes
1020 3616 1033 3654 ,1
1068 3593 1181 3641 temere
1209 3579 1329 3658 speruit.

84 3694 87 3699 ·
184 3675 270 3736 llaec
290 3670 384 3736 artem
406 3670 821 3755 tnrcttig'erciuepuutmum
841 3677 1115 3759 eemperiudicavi,
1137 3678 1225 3738 cuiue
1240 3679 1331 3738 etiam

183 3798 233 3839 me
254 3777 353 3842 fateor
365 3776 556 3858 imperitltm.
606 3775 705 3840 Pudet
718 3777 852 3857 incubet·
865 3780 958 3858 ¹plum
981 3776 1132 3839 medicum
1152 3776 1191 3837 de
1212 3796 1245 3835 re
1267 3786 1330 3836 tour

183 3879 358 3961 uulgatejn
378 3891 443 3941 urte
463 3879 812 3958 longinecommentttri.
865 3879 929 3943 Sed
951 3900 1012 3942 non
1034 3877 1146 3956 puduit
1173 3887 1218 3940 tot
1240 3876 1331 3938 labu-

183 3981 323 4044 lauieutie
338 3980 561 4045 ‘ramoeeucte'ur
580 3979 766 4043 medicinam
781 3979 961 4042 labefactare
982 3993 1012 4041 et
1033 3979 1144 4041 totiens
1156 3979 1189 4039 in
1211 4000 1244 4039 re
1262 3979 1330 4040 lite·

185 4079 265 4141 raria
304 4084 635 4161 reprehensibiliter,=·
652 4081 893 4164 irreparabiliter
935 4103 1060 4162 peccare
1099 4095 1191 4164 etque
1232 4079 1329 4162 (quod

185 4180 323 4247 omnium
358 4183 537 4270 pessimum)
565 4187 612 4248 -in
651 4183 744 4247 tentio
771 4183 885 4244 erretis
928 4183 1079 4244 obstinate
1120 4204 1329 4262 perseverare,

184 4283 274 4368 quod
299 4285 326 4346 ri
353 4285 551 4366 contuimde,
581 4301 616 4351 ut
641 4288 766 4372 ioquitts
781 4305 824 4346 en
853 4285 888 4347 in
914 4281 1331 4366 illumcoulecerin1‚quid,
