2806 4800
661 197 705 269 tt

124 389 214 450 rebus
235 386 368 465 iudicare
388 385 543 466 potuisset.
603 383 689 447 lianc
708 383 800 462 igitur
818 380 1036 463 prirmgenianr
1066 377 1247 440 firmamenti

125 493 246 568 seriem,
277 511 370 574 quam
390 489 517 568 liguram
541 489 615 550 coeli
633 489 806 568 ¹appellant,
833 486 940 548 litteris
965 480 1128 559 mandabo,
1158 503 1247 562 prae·

124 596 281 677 supposita
302 592 453 654 communi
471 603 533 652 tam
551 591 777 668 theologorum,
809 608 902 670 quam
919 599 1161 649 astronomorum
1180 583 1247 665 opi·

125 701 235 774 niune,
249 694 402 759 mundum.
415 707 545 757 creatum
565 715 629 757 asse
657 695 692 753 in
720 693 911 774 aequinoctio
932 687 1065 764 vernali,
1092 687 1156 748 sole
1182 685 1247 748 exi·

124 815 220 867 stente
239 801 296 862 sub
317 800 415 862 ariete.
462 795 605 860 Ascendit
622 798 725 879 itaque
754 797 787 857 in
809 795 978 875 inceptione
1006 787 1113 853 mundi
1131 787 1248 871 primus

126 901 238 986 gradus
259 902 371 978 cancri,
391 902 424 962 in
445 922 508 983 quo
530 900 716 962 confortatur
736 899 860 978 Iupiter.
901 897 1013 959 Arietis
1027 914 1098 957 vero
1118 889 1248 954 eundem

125 1004 253 1086 gradum
275 1001 386 1066 decinis
408 1001 518 1065 domus
538 1003 652 1077 tenuit,
686 1002 821 1082 primum
841 998 973 1082 denique
995 996 1161 1077 capricorni
1179 1015 1249 1076 gra·

124 1106 198 1169 dum
233 1107 395 1189 septimum
429 1106 562 1169 obtinuit
600 1103 803 1180 domicilium,
839 1115 992 1183 postremo
1022 1098 1105 1161 idem
1138 1094 1249 1177 gradus

122 1211 218 1272 librae
239 1211 386 1289 angulum
417 1221 513 1272 terrae
541 1209 600 1271 sibi
627 1204 808 1286 vindicavit,
836 1219 865 1268 et
886 1226 920 1268 ea
939 1216 1070 1287 quatuor
1098 1198 1250 1264 domicilia

123 1311 287 1376 cardinalia
308 1334 361 1376 seu
389 1311 545 1391 angularia
575 1311 714 1373 vocitant.
766 1311 924 1389 Praeterea
953 1305 1036 1369 domi
1061 1300 1249 1367 succedentes

122 1414 321 1499 cadentesque
350 1416 515 1496 peculiares
552 1414 706 1492 signorum
738 1409 849 1492 gradus
873 1411 933 1474 eibi
961 1408 1091 1485 ducunt,
1119 1401 1250 1470 securnla

123 1522 245 1583 tertium
260 1519 387 1600 gradum
406 1517 512 1596 leonis,
531 1516 689 1581 undecima
705 1516 800 1580 viceni
820 1529 850 1578 et
869 1527 1008 1596 septenos
1028 1509 1139 1593 gradus
1159 1510 1248 1587 tauri,

123 1624 230 1706 quinta
251 1625 427 1702 vigesimum
455 1624 618 1704 septimum
651 1619 832 1701 scorpionis,
860 1633 962 1681 octava
991 1630 1093 1679 ternos
1121 1614 1250 1699 aquarii.

122 1727 273 1806 Deinceps
305 1729 430 1789 tertium
459 1725 646 1789 domicilium
676 1723 831 1805 occupavit
851 1736 952 1786 ternos
974 1733 1003 1783 et
1028 1719 1128 1783 viceni
1155 1718 1250 1799 virgi·

58 1830 61 1835 '
125 1828 174 1886 nis
203 1825 329 1904 gradus,
369 1840 488 1889 sextum
516 1829 647 1908 septenis
677 1827 838 1906 sagittarii,
878 1845 995 1888 nonum
1020 1823 1118 1887 viceni
1150 1835 1251 1885 ternos

126 1927 274 2008 piscium,
293 1924 504 1990 duodecimum
527 1941 665 2007 septenos
692 1929 883 2006 geminorum
918 1927 1037 2006 gradem
1089 1929 1252 2007 Stellarum

125 2049 208 2090 ntrnc
228 2034 423 2092 erraticarum
444 2032 662 2107 habitationes,
681 2031 715 2090 in
736 2030 849 2111 quibus
869 2042 983 2091 creatae
1005 2043 1092 2106 sunt,
1114 2031 1253 2093 convenit

124 2132 283 2195 recenseri.
326 2136 466 2195 Saturnus
479 2135 583 2216 itaque
593 2135 626 2195 in
648 2134 784 2216 aqrrario,
806 2129 897 2195 domo
916 2153 971 2194 sua
988 2135 1122 2214 propria,
1143 2134 1252 2197 consti·

126 2248 210 2298 tutus
230 2235 292 2297 fuit
315 2235 346 2296 in
370 2237 466 2298 viceni
488 2237 601 2316 singuli
629 2234 773 2315 gradibus
800 2256 872 2299 snae
899 2237 1097 2301 exaltationis.
1149 2242 1253 2322 Iupiter

131 2335 239 2401 deiude
258 2339 291 2400 iu
319 2339 453 2420 piscibus
472 2341 504 2401 in
536 2340 649 2404 octenis
680 2352 711 2402 et
736 2339 835 2403 viceni
860 2338 1005 2420 gradibus
1032 2362 1103 2404 suae
1129 2342 1252 2422 gloriae.

126 2447 212 2507 Mure
232 2443 264 2504 in
286 2443 461 2524 scorpione,
487 2441 578 2508 domo
598 2464 670 2521 sue,
702 2443 800 2506 viceni
828 2455 857 2505 et
877 2445 989 2506 octenis
1017 2443 1162 2524 gradibus
1181 2467 1252 2508 suae

128 2547 327 2609 exaltationis.
369 2550 421 2621 Sol
439 2548 471 2607 in
493 2547 601 2624 ariete,
620 2546 710 2624 domo
730 2567 800 2624 sua,
820 2530 1048 2628 undevigesimo
1064 2545 1162 2628 gradu
1181 2569 1254 2611 suae

128 2651 326 2715 exaltationis.
370 2654 459 2713 Venus
478 2650 512 2711 in
532 2663 637 2727 tauro,
658 2648 809 2713 domicilio
831 2671 903 2726 suo,
935 2651 1066 2732 septenis
1096 2663 1126 2713 et
1156 2652 1253 2714 viceni

129 2752 275 2834 gradibus
294 2775 366 2821 suae
386 2755 510 2834 gloriae.
551 2758 710 2837 Mercurius
721 2753 755 2813 in
776 2753 913 2832 geminis,
933 2751 1024 2817 domo
1039 2775 1103 2832 sua,
1124 2753 1253 2838 quinde-

129 2857 178 2919 nis
188 2855 331 2936 gradibus
349 2878 422 2919 suae
433 2856 632 2919 exaltationis.
654 2857 757 2919 ¹Luna
777 2855 810 2916 in
829 2868 928 2933 tauro,
949 2853 1046 2935 gradu
1056 2875 1128 2919 suae
1141 2859 1255 2920 exalta·

129 2960 221 3023 tionis
233 2961 331 3023 tertio.
354 3030 357 3037 ,
376 2960 475 3041 Caput
487 2958 624 3023 draconis
637 2960 669 3021 in
684 2959 778 3023 ternis
791 2961 979 3040 geminorum
990 2958 1144 3042 gradibus,
1159 2957 1255 3021 cauda

124 3077 227 3127 autem
249 3061 387 3126 draconis
405 3066 437 3125 in
459 3065 622 3145 sagittario,
642 3061 795 3126 domicilio
815 3085 881 3140 suo,
901 3064 934 3123 in
954 3066 1043 3127 tertio
1063 3065 1254 3127 exaltationis

124 3188 198 3232 snae
219 3167 329 3248 gradu.
375 3168 535 3231 Neminem
571 3167 679 3228 ultimo
707 3167 811 3244 fugere
832 3165 934 3241 debet,
962 3163 1045 3247 quod
1074 3167 1156 3228 Luna
1186 3187 1255 3248 gra·

128 3268 241 3331 diendo
271 3292 327 3349 per
348 3283 437 3349 caput
459 3269 596 3331 draconis
618 3269 716 3330 coibat
747 3288 816 3328 cum
835 3271 978 3331 Mercurio
1000 3269 1035 3347 in
1054 3269 1141 3348 signo
1159 3272 1255 3350 gemi-

127 3391 256 3446 norum,
296 3385 325 3433 et
356 3372 407 3432 hic
437 3372 494 3433 luit
520 3371 639 3451 primus
669 3371 793 3434 illorum
822 3369 952 3434 dirorum
983 3371 1116 3437 siderum
1150 3375 1254 3455 coitus,

130 3470 239 3535 deinde
258 3475 326 3537 aliis
346 3475 474 3555 planetis
494 3474 596 3536 iuncta
613 3474 673 3537 fuit
690 3476 781 3552 luna,
810 3473 906 3539 donec
923 3476 1070 3558 applicuit
1090 3475 1129 3540 ad
1149 3480 1254 3557 solem,

106 3572 212 3657 ‘quod
231 3576 290 3638 fuit
309 3578 453 3656 vigesima
483 3577 610 3658 septima
643 3574 692 3639 die
720 3579 759 3638 ab
788 3579 924 3660 ipsorum
954 3582 1116 3645 creatione.
1169 3583 1255 3657 Licet

118 3678 228 3740 'autern
246 3680 342 3759 possit
361 3680 421 3742 alia
441 3680 482 3741 ab·
500 3680 554 3741 illa
576 3678 704 3743 describi
729 3680 826 3763 figura
856 3684 952 3761 coeli,
974 3685 1032 3748 ista
1061 3698 1162 3748 tamen
1182 3707 1254 3749 con·

126 3781 202 3845 tenti
222 3783 342 3860 erimus,
363 3804 442 3866 quae
465 3783 703 3847 coniecturaliter
723 3787 762 3847 ab
784 3789 964 3852 astronomis
984 3786 1252 3868 exeratavidetur3

127 3886 274 3947 humanas
300 3883 452 3966 siquidem
481 3883 599 3949 excedit
626 3887 707 3951 vires
741 3890 896 3952 calculatio
927 3891 1023 3967 haec,
1053 3889 1113 3952 nisi
1139 3888 1252 3969 quibus

129 3985 230 4050 divina
249 3987 432 4048 revelatione
453 3983 485 4047 id
505 3988 687 4067 patefactum
707 3989 779 4051 fuit.
820 3992 900 4054 Nam
920 3993 992 4053 anni
1013 4002 1088 4071 ante,
1102 3987 1253 4055 diluvium

124 4087 232 4147 incerti
251 4104 338 4166 sunt,
360 4111 459 4172 neque
481 4103 584 4161 extant
603 4092 858 4174 historiographi,
890 4095 944 4176 qui
966 4091 1004 4153 de
1030 4094 1079 4155 lrie
1098 4095 1252 4176 scripsere.

126 4185 330 4262 Quamobrem
364 4194 421 4256 ista
441 4213 564 4255 reservo
590 4194 702 4257 iudicio
730 4211 760 4260 et
779 4197 912 4260 examini
932 4197 1116 4277 peritorum,
1149 4199 1250 4260 conie-

126 4310 257 4374 ramque
273 4296 418 4357 calamum
439 4293 479 4356 ad
499 4315 593 4385 annos
615 4297 730 4361 mundi.
799 4294 804 4301 ’
