2806 4800
660 247 737 319 255

129 434 296 501 contraris.
317 433 421 508 litem,
450 433 545 494 veluti
565 433 624 494 sub
644 433 744 494 alieno
768 429 886 508 iudice,
917 430 1053 514 utrisque
1081 432 1154 497 dicit
1181 437 1276 499 inuti·

102 593 105 598 .
127 543 187 601 lem
209 558 282 599 esse.
328 538 377 597 Tu
401 556 475 598 vero
497 537 581 598 huno
601 537 777 598 Avrcrnrsr
799 549 917 598 textum
939 550 1001 598 tam
1023 539 1102 599 male
1121 539 1276 618 intelligis,

130 661 223 724 quam
246 638 370 700 difficile
396 638 482 717 legis.
536 639 603 700 Hoc
629 639 755 716 resciae,
786 640 894 702 velim:
922 639 1030 701 utilius
1058 661 1106 702 ac-
1118 640 1276 702 honestius

130 745 229 804 multo
251 761 315 802 esse
337 737 461 801 medicis
482 728 520 802 de
541 741 639 820 logica
660 763 755 825 quam
775 741 938 821 astrologia
954 740 1120 822 disputare,
1139 739 1276 821 adstipu-

130 843 264 904 lantiBus
285 841 375 902 nobis
395 838 556 903 duodecim
577 843 665 905 libris
685 843 815 905 illustris
834 845 900 906 Prcr
930 865 971 904 ex
1000 844 1190 924 principibus
1212 843 1276 904 Mr-

131 965 290 1006 nsrvnunsn
312 942 459 1007 adversus
478 946 666 1023 astrologos,
686 944 847 1009 reverendi
868 946 963 1026 patris
985 948 1166 1007 Hmnosmu
1175 946 1276 1010 Ssvs·

131 1068 272 1109 nsnonnn
293 1067 333 1108 ex
353 1044 462 1108 ordine
483 1046 728 1126 praedicatorum
749 1049 931 1128 epitomate,
953 1049 1083 1108 Aurius
1104 1069 1173 1109 cum
1192 1050 1276 1111 Acr-

128 1171 224 1212 noms
248 1148 399 1228 magnifici
428 1152 606 1212 Pnrnunrnr
635 1150 917 1227 Connnnur11,nec
940 1170 1004 1211 non
1029 1147 1195 1212 doctissimi
1224 1152 1275 1212 Io·

127 1272 238 1314 nuruis
258 1255 423 1315 Mnmmor
442 1262 536 1336 opere
556 1255 612 1317 illo
634 1255 767 1335 egregio,
790 1252 876 1336 quod
898 1252 931 1314 in
950 1253 1049 1315 nostri
1068 1250 1275 1316 defensionem

127 1354 269 1418 ediderit.

211 1461 365 1522 Dicterium
387 1465 520 1544 imperius
539 1481 605 1522 voce
624 1463 667 1523 rel
681 1465 784 1544 scripto
814 1463 928 1522 missum
948 1469 1002 1520 etc.
1023 1494 1066 1508 —
1110 1453 1194 1532 Quid
1213 1457 1276 1519 sint

127 1559 251 1623 dicteria
273 1561 357 1643 opud
379 1564 525 1643 probatos
546 1561 619 1624 satis
640 1576 747 1640 tene03
769 1559 845 1643 quid
866 1573 968 1623 nutem
989 1560 1050 1621 sibi
1071 1560 1146 1623 velit
1166 1559 1200 1620 in
1218 1560 1279 1620 hac

126 1664 326 1744 blasphemia,
347 1668 443 1728 homo
455 1679 501 1727 est
520 1665 634 1743 asinus,
656 1687 718 1728 non
740 1666 896 1744 intelligo:
918 1662 1002 1746 quod
1020 1663 1046 1726 si
1060 1659 1108 1746 (ut
1120 1664 1179 1724 tuis
1194 1659 1277 1745 utar)

127 1769 290 1830 nominalis
309 1783 368 1844 est,
399 1769 455 1850 qui
477 1769 636 1830 nominum
659 1769 877 1850 proprietatem
907 1767 940 1827 iu
962 1768 1055 1827 rebus
1076 1776 1193 1840 servat,
1221 1762 1276 1824 ad-

128 1872 216 1932 mitto
238 1871 348 1949 gratis:
381 1870 408 1930 si
430 1887 504 1932 vero
525 1867 608 1928 idem
630 1883 694 1944 est,
716 1867 801 1949 quod
823 1870 1012 1929 Anvsrornm
1035 1865 1204 1927 diffinibilis
1226 1877 1276 1926 ut·

128 1985 202 2055 pote
224 1973 311 2052 bipes
329 1972 441 2033 asellus
465 1968 503 2032 de
522 1969 671 2046 Arcadia,
691 1971 749 2031 tibi
770 1971 892 2032 habeto.

214 2078 314 2158 Neque
344 2077 397 2135 lsoo
427 2079 530 2151 r'rrgsuii
555 2080 656 2151 magui
683 2076 807 2135 arbitror
827 2084 882 2133 etc.
902 2106 947 2119 -
987 2072 1133 2133 Arbitror
1162 2087 1191 2133 et
1210 2073 1294 2151 ipse·

129 2180 271 2241 omnibus
292 2178 326 2237 in
351 2177 431 2237 banc
450 2190 536 2238 tuam
559 2176 739 2237 sententiam
762 2175 903 2236 manibus
925 2172 1107 2255 etpedibus
1130 2171 1276 2247 eundum,

127 2299 262 2341 scurram
282 2281 486 2360 lenonemque
508 2280 686 2360 quempiam
713 2298 891 2358 nuncupare
918 2299 981 2339 non
1010 2298 1074 2339 esse
1102 2277 1205 2356 magni
1227 2277 1276 2336 in-

128 2381 227 2460 genii,
247 2378 300 2442 sed
321 2380 423 2460 iniqui
442 2377 565 2440 lividuli
587 2379 768 2442 detractorii.
812 2377 840 2443 0
862 2377 1066 2441 venerandam
1085 2377 1277 2460 pudicitiam,

127 2503 221 2566 quam
242 2503 304 2545 non
327 2483 520 2562 evangelium
540 2483 661 2563 peperit
682 2494 712 2544 st
733 2502 821 2544 amor
841 2480 909 2558 dei,
931 2479 983 2544 sed
1005 2482 1113 2558 scorti,
1139 2478 1223 2563 quod
1247 2495 1276 2544 te

126 2584 282 2647 decoxerit
301 2597 332 2648 et
351 2585 423 2646 fecit
442 2597 552 2646 namra
570 2581 802 2665 impotentem!¹
827 2583 975 2646 Genuisse
996 2583 1029 2644 in
1057 2583 1185 2663 peccatis
1212 2603 1274 2645 non

126 2688 328 2762 Dnonuruu,
351 2697 386 2746 ut
406 2687 580 2762 Auernus,
600 2683 654 2747 ssd
675 2687 860 2747 Bssrrsrsn
880 2699 1010 2768 putasne
1030 2706 1164 2748 scurram
1188 2685 1276 2771 saciet

126 2803 180 2851 aut
198 2782 367 2850 lenonem?
403 2785 579 2848 Videamus
599 2787 669 2848 alia.
695 2832 699 2845 .
1066 2777 1070 2780 ⁴

256 2973 368 3037 Circa
387 2974 647 3041 correlarium
667 2973 885 3038 secuudum.
922 2974 993 3060 (Xl,
1015 2999 1045 3058 p.
1058 2978 1147 3062 224.)

210 3097 334 3157 Prorsus
352 3097 448 3155 ulr‘eab
468 3106 495 3156 et
515 3101 701 3156 remotissimis
722 3107 777 3156 etc.
798 3129 842 3144 --
892 3097 926 3160 Si
947 3099 1093 3162 hactenus
1122 3102 1222 3182 longis
1244 3116 1274 3164 et

124 3197 345 3258 remotioribus«
361 3198 456 3259 armis
476 3209 509 3257 ts
529 3195 579 3281 (ut
600 3196 738 3282 miraris)
759 3201 878 3264 eminus
899 3205 1161 3282 oppugnavimus,
1193 3229 1274 3268 nunc

126 3310 190 3380 quo
211 3299 308 3376 magis
328 3311 382 3359 tua
402 3299 522 3360 inscitia
540 3300 656 3361 cunctis
677 3313 790 3380 pateat,
821 3305 968 3368 brevibus
993 3318 1022 3367 et
1042 3305 1273 3376 lacedaemoniis

125 3399 211 3461 siccis
231 3413 330 3462 errata
357 3414 411 3463 tua
432 3401 569 3464 cominus
599 3406 854 3483 expugnabimus.
897 3406 957 3471 Sed
978 3408 1095 3470 utinam
1115 3430 1177 3470 non
1200 3432 1273 3491 per·

125 3498 291 3562 fricuisses!

210 3607 304 3666 Miror
331 3611 405 3668 mati
423 3617 478 3666 etc.
501 3641 545 3654 -
598 3606 675 3684 Dic,
712 3608 839 3690 quinam
873 3608 935 3670 siut
962 3611 1010 3672 illi
1041 3610 1151 3674 medici
1178 3610 1272 3675 studii

124 3704 261 3784 priores,
288 3709 343 3790 qui
364 3705 560 3789 usqueadeo
591 3720 621 3770 et
649 3709 833 3772 incessanter
853 3713 1008 3790 appellent
1036 3715 1181 3776 artificem
1201 3735 1270 3776 sen-

123 3809 240 3868 sualem
262 3808 432 3885 medicum,
459 3810 647 3892 inquorum
679 3825 768 3874 coetu
795 3813 919 3887 sicum
947 3819 1189 3879 catholiconibus
1210 3816 1270 3875 tuis

124 3911 224 3971 locum
246 3915 444 3977 ementiorem
473 3913 532 3974 tibi
562 3935 625 3976 non
652 3913 870 3991 vindicaveris,
901 3921 1092 3980 reverentius
1121 3917 1270 3980 salutabo.

125 4011 380 4092 Astrologizantes
400 4015 509 4097 utique
531 4029 560 4078 et
575 4037 644 4092 eos,
661 4037 795 4100 quorum
817 4019 942 4081 seientia
961 4018 1075 4099 pendet
1097 4040 1136 4080 ex
1154 4022 1216 4082 alto
1240 4033 1269 4082 et

124 4113 180 4192 qui
201 4134 220 4172 a
241 4117 325 4176 coelo
345 4116 434 4198 quasi
453 4116 536 4178 furto
558 4137 646 4180 suum
666 4119 848 4183 medicinam
869 4122 1060 4199 abstulerint,
1080 4142 1143 4183 nou
1166 4120 1270 4184 dabis:

124 4213 159 4274 bi
178 4233 313 4295 namque
336 4228 441 4277 evincta
468 4231 611 4296 naturae,
643 4221 734 4283 etiam
756 4225 897 4301 minima,-
925 4215 1090 4286 referentes
1115 4225 1150 4285 in
1170 4226 1269 4286 occul·

123 4329 169 4379 tas
188 4314 325 4380 siderum
352 4318 527 4385 influentias
549 4325 644 4388 veluti
674 4325 779 4390 fatales
809 4341 838 4390 et
859 4325 1022 4391 destinatas
1052 4326 1160 4390 mundi
1187 4328 1268 4404 leges
