2806 4800
654 217 733 289 250

124 422 228 485 qnam,
248 413 366 482 partem
383 403 460 464 coeli
479 402 728 483 perambulante,
744 401 781 462 in
802 420 919 482 quasve
940 415 1042 481 partes
1062 403 1089 462 si
1109 401 1275 476 iaculetur,

121 502 225 566 radios
246 507 296 566 rel
316 505 397 569 vires
417 509 512 566 malae
528 507 617 586 prasi
648 505 756 568 sideris
777 506 940 584 acceperit,
976 506 1085 566 titium
1117 502 1275 585 hydropis

122 617 152 669 et
180 619 347 689 quartanae
367 609 521 682 malescit,
555 608 598 669 ite
627 606 825 670 consimiliter
863 606 990 667 omnino
1019 617 1119 685 potest
1152 627 1193 667 ex
1222 604 1274 666 di·

120 709 253 770 rectione
273 711 323 773 rel
341 710 534 771 revolutione
554 709 653 790 ipsius
680 709 713 771 id
735 711 849 770 melum
871 708 1051 788 provenite,
1081 709 1217 772 maxime
1246 710 1273 770 ei

120 811 325 895 adstipuletur
355 815 460 875 thema
488 816 597 876 natale.
654 816 777 876 Possem
810 833 868 893 pet
896 815 1121 891 astrologorum
1149 811 1273 891 placita,

121 918 263 997 quemvis
284 937 373 992 rana,
392 917 515 997 longius
536 915 754 996 bicdivagari;
775 913 829 977 scd
851 934 920 976 cunt
942 915 976 975 in
997 916 1168 994 patrocinio
1188 914 1272 975 veri-

120 1017 190 1078 tatis
222 1016 286 1100 (cui
322 1020 511 1082 conflationis
538 1040 649 1081 nomen
681 1017 838 1099 pineuisti)
873 1017 960 1079 nefas
989 1017 1029 1078 eit
1068 1012 1273 1098 quaecunque

120 1115 277 1180 mendacia
296 1119 456 1196 advocare,
486 1123 582 1181 multa
603 1116 814 1180 huiuscemodi
840 1117 1023 1196 astrologica
1042 1117 1076 1177 in
1097 1115 1200 1179 medio
1219 1139 1271 1178 re·

120 1217 300 1301 linquimus.
348 1220 561 1302 Ineptiendum
589 1234 691 1283 tamen
720 1223 795 1298 fuit,
824 1232 859 1282 ut
879 1239 1092 1300 cognosceres,
1128 1233 1158 1281 te
1189 1222 1272 1281 nibil

120 1317 199 1385 adeo
216 1323 406 1386 horrendum
428 1322 659 1407 dolendumque
679 1325 713 1385 in
734 1325 855 1405 scriptis
874 1325 987 1385 uostris
1008 1321 1184 1397 offendisse,
1204 1343 1272 1404 quo

120 1442 190 1485 aree
210 1427 306 1488 veluti
327 1439 399 1488 tuae
417 1428 553 1489 inscitiae
574 1427 723 1507 propitiae
743 1425 906 1489 adversum
928 1446 985 1489 noe
1007 1444 1199 1506 provocares.

210 1531 391 1613 Quapropter
417 1537 489 1593 sotis
516 1544 671 1592 auruncos
691 1543 747 1592 etc.
767 1563 810 1577 —
854 1528 1037 1608 Colligcndo
1065 1550 1166 1609 nuper
1195 1528 1272 1589 estis

120 1629 224 1710 inepte
249 1632 482 1695 similitudinem
515 1631 555 1694 de
589 1633 701 1709 colica,
742 1630 781 1693 ds
809 1632 969 1712 pestilente
999 1632 1097 1707 febri,
1128 1630 1272 1705 'bubone,

120 1733 234 1795 bethor
247 1748 276 1796 et
296 1736 508 1797 maloltancico
519 1736 668 1796 innuebas
689 1755 746 1815 per
759 1734 984 1796 conclusionem
1005 1734 1137 1814 primam
1157 1730 1273 1794 adrer-

120 1856 173 1898 eus
193 1837 411 1913 Laomcnnuss,
432 1838 548 1898 malum
571 1835 604 1898 id
630 1837 780 1917 pustulis,
800 1837 1022 1899 exanthematis
1051 1850 1081 1898 et
1099 1837 1273 1898 albumerie

120 1939 202 2000 nibil
220 1936 333 2000 addere
353 1938 631 2000 denominationem
651 1936 842 2019 epidemialis
861 1951 992 2018 praeter.
1041 1939 1160 2000 Verum
1183 1941 1272 2002 casti·

122 2041 296 2120 gationibus
314 2044 427 2105 noemia
447 2043 558 2104 certior
578 2043 692 2118 lamus,
722 2063 785 2125 qua
804 2042 925 2103 ratione
947 2040 987 2102 de
1008 2043 1089 2103 febri
1110 2043 1272 2126 pestilente

124 2159 158 2208 ut
177 2148 273 2210 falsus
292 2160 321 2209 et
343 2167 480 2208 errorum
501 2147 652 2226 interpres
682 2146 838 2208 conuictus
866 2145 909 2207 eis
936 2147 1143 2228 apertissime,
1173 2159 1269 2208 totam

122 2251 346 2311 conclusionem
366 2249 464 2327 ipsam
486 2251 570 2309 velut
591 2269 749 2310 erroneam
770 2269 898 2329 prorsus
926 2247 1106 2314 destituisti:
1132 2248 1188 2313 sed
1206 2269 1272 2332 quc

121 2364 192 2413 tuae
211 2348 347 2409 inscitiae
367 2349 503 2409 scrobem
524 2349 661 2428 operias,
684 2349 801 2436 nequid
822 2352 978 2434 ignorasse
998 2355 1031 2414 in
1053 2351 1203 2415 medicine
1226 2353 1272 2414 ri·

123 2449 237 2524 deeris,
257 2468 320 2509 non
340 2449 420 2508 nihil
443 2449 629 2530 respondere
649 2458 797 2532 voluisti,
822 2476 956 2539 quorum
978 2456 1113 2536 primum
1136 2467 1200 2530 eet,
1219 2474 1271 2514 ex·

122 2566 262 2615 traneum
285 2570 349 2611 esse
369 2551 403 2612 in
416 2551 574 2618 medicinis
594 2578 698 2620 rernm
720 2559 864 2620 essentias
883 2571 912 2619 et
929 2555 1115 2639 quidditetes
1134 2576 1272 2636 arguere.

121 2651 262 2718 Ridicula
273 2668 352 2718 certe
362 2658 543 2738 propositio,
561 2658 613 2720 sed
625 2680 828 2742 necunquam
839 2660 911 2719 satis
923 2661 1013 2719 irrisa
1026 2660 1180 2737 probatio,
1200 2661 1274 2740 quia

124 2755 261 2823 medicus
279 2759 392 2823 dicitur
412 2763 524 2823 artilex
544 2763 726 2839 sensitivus,
753 2761 824 2824 ideo
844 2761 1010 2824 accidentia
1031 2783 1124 2845 quam
1147 2759 1272 2844 quiddi-
1402 2804 1403 2807 ,

125 2876 202 2927 tates
222 2865 318 2940 magis
341 2861 430 2924 debet
451 2862 616 2925 attendere.
660 2863 721 2925 Sed
743 2885 824 2946 quac
844 2865 897 2924 illa
919 2867 985 2925 eive
1002 2865 1187 2943 arrogantie,
1208 2845 1295 2925 eive¹

125 2965 327 3047 indiligentia,
349 2987 429 3048 quac
448 2980 478 3028 te
502 2965 550 3051 (ut
566 2968 706 3030 (larome
721 2969 824 3030 verbis
845 2970 927 3046 utar)
948 2950 1152 3029 transversum
1163 2963 1275 3028 trusit?

126 3070 190 3148 Qui
211 3072 285 3132 olitn
312 3071 456 3132 omnibus
480 3069 647 3135 dialectices
675 3070 810 3134 studium
842 3073 883 3132 ob
916 3073 1071 3149 graviores
1100 3068 1277 3149 disciplinas

126 3174 349 3253 negligentibus
373 3173 587 3255 disputationis
610 3178 725 3237 bellum
743 3173 902 3251 indixisti,
932 3188 1078 3257 tanquam
1107 3171 1276 3234 medicinae

127 3297 256 3338 canones
276 3274 314 3336 ad
338 3297 416 3356 opus
438 3291 468 3339 et
496 3300 599 3340 curam
622 3276 695 3362 (nisi
727 3279 798 3360 quis
827 3280 994 3340 vehemens
1023 3276 1196 3357 disputator
1222 3273 1277 3358 sit)

128 3379 276 3442 deducere
296 3402 386 3442 nemo
407 3383 520 3462 possit,
550 3382 646 3464 idque
671 3381 770 3442 dicere
799 3383 998 3444 consuevisti:
1036 3381 1129 3441 nescit
1158 3398 1276 3452 curare,

129 3483 184 3565 qui
204 3484 324 3561 ignorat
345 3481 516 3562 disputare;
539 3505 619 3544 nttnc
641 3485 754 3562 puerili
774 3483 822 3566 (ut
843 3481 903 3568 ais)
930 3482 1136 3562 disputatione
1153 3481 1276 3540 conclu·

128 3604 198 3660 sus,
218 3585 345 3662 ligatus,
366 3581 405 3642 ad
427 3598 537 3646 metam
560 3585 685 3660 ductus,
706 3588 936 3666 labyrinthum,
964 3604 1057 3666 quem
1078 3585 1191 3644 stultus
1217 3582 1277 3642 tibi

128 3700 294 3761 struxeras,
315 3685 419 3766 egredi
440 3707 501 3748 non
524 3701 632 3767 potens
654 3709 693 3748 ex
714 3701 925 3768 oppugnatore
943 3687 1083 3748 salsitatis
1097 3702 1274 3764 propugna-

128 3806 178 3854 tor
198 3792 323 3854 effectus
344 3811 384 3850 es.
439 3788 468 3854 Ο
488 3793 722 3854 tumultuantem
743 3789 911 3868 invidiam,
933 3811 953 3852 o
974 3801 1162 3851 excaecatam
1181 3784 1274 3847 ratio-

60 3960 71 3966 ,
130 3915 215 3968 nem,
248 3914 310 3976 qua
331 3893 389 3954 ista
409 3895 644 3957 blacteramenta
674 3897 705 3956 in
728 3895 890 3956 rationales
909 3891 1041 3954 medicos
1072 3882 1277 3972 sparguntur!

131 3995 246 4058 Audias
267 4010 416 4077 qnantum
433 3977 574 4078 desipias.
617 3999 696 4060 Nam
719 3999 752 4057 in
775 3997 979 4058 communiet
1000 3984 1215 4058 uniuersitatis
1229 4012 1280 4051 ra·

132 4099 215 4159 tione
243 4100 400 4176 scientiae,
431 4122 493 4182 qua
523 4103 648 4163 habitus
667 4102 882 4162 intellectualis
913 4099 1039 4175 dicitur,
1067 4110 1189 4179 oportet
1209 4116 1281 4156 cum

134 4199 262 4280 reliquie
283 4198 431 4262 medicina
444 4204 625 4279 convenire,
648 4203 742 4262 huius
765 4222 838 4264 vero
859 4201 1010 4289 obiectum
1032 4197 1082 4282 (ut
1096 4199 1283 4261 recentiores

134 4299 320 4383 appellant),
342 4304 399 4361 sub
421 4305 506 4365 catius
528 4306 638 4366 obtutu
660 4306 693 4366 in
713 4304 816 4364 omnia
838 4305 948 4379 fertur,
978 4317 1021 4365 est
1045 4300 1205 4385 qttidditns
1226 4301 1304 4378 rei,-
