2806 4800
652 242 729 313 262

121 435 269 514 cognitus,
291 433 334 494 ita
356 429 532 510 imperfecta
552 430 628 489 haec
650 428 758 488 mixtio
779 425 887 508 (qun
910 429 1011 486 admm
1034 421 1195 507 vocamus)
1214 427 1274 486 lta-

122 539 174 599 bet
195 535 341 595 nimirum
355 530 563 593 dissolutionis
584 549 656 590 suec
676 525 972 606 cainaeaprincipio
993 527 1118 604 genitali
1133 547 1194 607 ope
1215 549 1273 588 na-

119 628 205 701 tdrse
229 633 359 704 inditas,
380 653 476 714 quae,
510 629 635 713 quando
658 627 706 712 (ut
726 625 961 710 saepenumero)
983 624 1144 702 deficiunt,
1165 638 1271 691 aerem

119 748 321 819 corrumpunt
342 733 538 816 redduntque
558 735 764 796 animantibus
785 734 925 794 noxium.
982 732 1084 793 Habet
1114 745 1146 794 et
1165 745 1272 793 exter-

118 861 173 903 nas
193 845 352 916 coelestes,
378 841 490 902 scilicet
511 853 639 902 cometes
661 838 800 900 ardentes
822 839 871 899 rel
891 833 1047 916 lampades
1068 838 1118 897 vel
1137 837 1217 897 facee
1238 850 1270 899 et

119 943 218 1003 iacula
239 943 376 1005 ardentia
405 943 543 1021 longiore
572 943 683 1018 limite,
713 940 831 1003 bolides
861 954 914 1002 aut
934 941 1011 1002 cosli
1032 942 1152 1014 hiatus,
1181 939 1270 1022 quod

121 1045 242 1105 chasma
264 1057 382 1115 vocant,
402 1044 525 1124 alisque
546 1044 626 1104 aeris
648 1057 800 1118 monstra,
824 1064 903 1124 quae
925 1053 970 1104 tot
989 1055 1062 1104 sunt
1081 1054 1109 1104 et
1130 1054 1193 1103 tam
1213 1063 1271 1104 ra·

120 1149 184 1222 ria,
213 1160 247 1208 ut
275 1145 314 1207 ad
343 1159 457 1208 certum
486 1167 649 1209 nnmerum
689 1145 788 1226 redigi
828 1166 890 1208 non
930 1147 1063 1226 possint,
1099 1155 1270 1220 terrestres,

121 1261 155 1310 ut
176 1248 279 1327 magni
299 1261 448 1310 terrarum
474 1262 591 1326 motus,
614 1263 682 1329 post
704 1251 936 1330 sanguinolenta
958 1248 1075 1328 proelia
1094 1260 1273 1328 sungesque

122 1372 299 1426 numerosa,
328 1365 362 1412 ut
391 1352 536 1414 Ganrrrs
567 1354 671 1414 scribit
692 1366 721 1414 et
749 1355 861 1415 errus
892 1350 931 1412 de
959 1353 1063 1414 castris
1092 1351 1208 1428 gallicis
1238 1351 1272 1410 in

121 1451 290 1515 cremandis
312 1452 528 1530 cadaveribus,
558 1456 631 1515 item
662 1458 745 1516 lacus
774 1468 805 1517 et
826 1469 950 1535 stagna,
982 1456 1016 1514 in
1039 1472 1174 1535 quorum
1197 1473 1272 1532 pro·

122 1551 219 1615 londo
243 1553 327 1616 dirus
350 1568 378 1616 et
408 1576 516 1617 saevus
546 1557 646 1618 latitat
671 1576 784 1636 vapor,
816 1571 848 1619 et
868 1556 902 1618 id
935 1578 1047 1636 genus,
1075 1558 1271 1619 nemanso

122 1655 298 1718 Bnusnrcro
326 1670 462 1720 auctore:
495 1672 525 1720 et
554 1661 613 1720 hoc
641 1671 732 1738 pacto
752 1662 911 1721 Avtcsrnn
941 1673 1011 1740 post
1032 1659 1199 1720 theoricam
1221 1679 1273 1720 ee·

123 1758 222 1821 cunda
242 1763 342 1840 primo
365 1762 506 1823 traditam
529 1761 601 1824 dicit
615 1765 715 1839 tertia,
735 1778 848 1846 quarto
863 1763 972 1844 capite,
994 1760 1149 1842 primodo
1169 1763 1271 1840 lepra:

124 1874 153 1924 et
174 1862 360 1946 quandoque
379 1863 505 1926 adiuvat
525 1863 564 1926 ad
586 1865 664 1926 illud
692 1879 789 1928 totum
818 1866 974 1945 corruptio
994 1866 1074 1926 airis
1094 1866 1128 1924 in
1149 1865 1273 1944 seipso

122 1978 321 2048 aut-propter
343 1969 526 2031 vicinitatem
547 1971 754 2050 leprosorum,
776 1989 843 2030 cum
866 1966 1026 2047 aegritudo
1048 1980 1093 2029 est
1113 1964 1272 2029 invadens.

212 2073 392 2155 Quapropter
410 2077 484 2135 bere
504 2077 695 2135 resolutionem
717 2085 771 2132 etc.
794 2105 834 2118 -
877 2071 1095 2134 Revolutiones
1119 2080 1271 2130 trecentae

124 2175 280 2252 sexaginta
300 2177 439 2257 quinque
460 2177 541 2252 lere,
561 2177 676 2258 quibus
696 2176 866 2253 integratur
883 2193 998 2251 annus,
1020 2185 1050 2234 et
1071 2191 1140 2232 cum
1160 2191 1201 2232 ex
1221 2171 1272 2232 bie
1327 2251 1330 2253 Β

124 2278 239 2337 nullam
262 2278 396 2356 assignes
417 2298 523 2338 caueae
541 2280 650 2358 pestis,
671 2277 795 2340 ridetur
815 2277 971 2359 consequi,
992 2273 1078 2358 quod
1091 2277 1152 2335 boc
1170 2275 1273 2335 omni·

124 2381 184 2438 bue
204 2380 334 2454 tribuas,
357 2393 388 2440 et
409 2382 449 2442 ita
473 2380 648 2443 universum
671 2383 788 2442 coelum
811 2382 869 2441 erit
889 2381 1035 2459 pestilens
1056 2391 1087 2438 et
1105 2375 1270 2452 tabificum,

125 2477 209 2562 quod
232 2492 337 2559 postea
358 2502 459 2561 negas.
502 2484 645 2561 Amplius
672 2483 807 2543 subhac
835 2483 1045 2554 revolutione,
1067 2479 1181 2540 scilicet
1202 2480 1268 2541 uni·

126 2583 275 2643 versitatis
299 2585 384 2660 coeli,
406 2584 529 2644 abolitis
553 2585 667 2645 morbis
692 2585 781 2645 multi
802 2586 1007 2646 restituuntor
1027 2582 1174 2661 pristinae
1193 2583 1272 2643 sani-

126 2684 198 2762 tati;
217 2685 351 2761 occultae
373 2706 445 2765 ergo
466 2686 669 2765 proprietates
691 2687 767 2746 coeli
786 2687 879 2745 huius
889 2683 1092 2746 revolutionis
1109 2700 1171 2742 non
1186 2697 1276 2745 erunt

127 2791 270 2848 mortales
290 2789 448 2870 magisque
468 2792 626 2851 salutares.
669 2790 817 2871 Sequitur
827 2790 917 2849 etiam
939 2785 1077 2849 exdictis
1098 2789 1170 2861 tuis,
1191 2784 1276 2868 qnod

127 2889 299 2966 pestilentia
318 2911 379 2952 non
401 2892 558 2953 conficitur
578 2915 596 2954 a
618 2895 719 2967 coelo,
741 2890 794 2953 sed
817 2894 932 2953 occulta
954 2890 1127 2971 proprietas
1147 2891 1182 2950 in
1202 2890 1277 2950 sub-

128 2991 241 3055 stantia
263 2994 341 3054 airis
363 2995 423 3054 iam
448 2996 600 3075 corrupti,
630 3015 710 3077 quae
730 2993 855 3076 quidem
878 2995 1035 3074 corruptio
1064 3006 1110 3054 est
1130 2993 1279 3072 pestilen-

128 3095 185 3156 tia:
212 3095 276 3156 imo
297 3098 469 3177 proprietas
491 3119 591 3180 neque
612 3112 673 3175 est,
705 3118 806 3178 neque
825 3097 869 3173 fit,
890 3095 942 3158 sed
963 3104 1016 3156 aer
1038 3092 1205 3164 secundnm
1226 3114 1278 3156 oc-

127 3201 239 3261 cultam
264 3204 491 3281 proprietatem.
546 3204 705 3263 Praeterea
725 3204 845 3262 occulta
865 3200 1036 3281 proprietas
1061 3200 1109 3276 (ut
1128 3218 1279 3278 saepenu-

127 3323 213 3363 mero
233 3303 357 3389 repetie)
380 3321 424 3368 est
445 3305 564 3366 medico
585 3326 646 3386 qua
669 3302 803 3366 medicus
824 3306 994 3382 incognita3
1018 3300 1071 3363 sed
1086 3302 1278 3362 venenositas

127 3405 205 3465 airis
225 3405 318 3465 habet
341 3429 460 3467 cainam
482 3406 600 3468 medico
615 3419 728 3482 notam,
749 3407 861 3469 scilicet
875 3407 1101 3486 corruptionem
1124 3404 1276 3482 insignem

128 3508 177 3568 vel
197 3507 442 3586 substantialem,
465 3520 518 3570 ae'r
540 3512 621 3571 enim
632 3529 803 3571 venenosus
824 3509 895 3572 ideo
918 3522 971 3585 est,
991 3508 1113 3589 quirin
1134 3507 1275 3568 substan·

128 3609 169 3670 tia
188 3623 349 3688 corruptus
372 3623 425 3670 aut
445 3613 604 3688 insigniter
624 3609 782 3691 putridus:
818 3633 891 3691 ergo
919 3610 1154 3694 qualitaetae'ris
1183 3629 1274 3670 vene·

126 3732 200 3775 noea
219 3731 282 3772 noo
302 3724 347 3773 est
366 3712 538 3792 proprietas
567 3715 691 3774 occulta.
755 3715 793 3775 Et
813 3715 874 3775 nisi
892 3713 1055 3774 ademisset
1078 3713 1168 3773 nobie
1190 3731 1270 3773 oem-

126 3817 241 3877 sionem
264 3815 422 3876 accusandi
445 3829 474 3878 te
490 3816 602 3878 erroris
623 3819 723 3896 logici,
744 3815 972 3879 ostenderemus
988 3819 1108 3894 insigne
1120 3813 1270 3884 delirium,

125 3939 190 3999 quo
211 3921 307 3982 nescis
327 3921 408 3982 iuter
428 3923 483 3982 has
504 3923 730 4002 propositiones
757 3921 961 4010 distingueres
991 3941 1141 3984 venenosa
1176 3917 1275 4001 quali·

126 4034 171 4083 tas
188 4036 233 4084 est
253 4025 287 4083 in
309 4034 380 4085 a'e’re
400 4038 545 4106 corntpto
566 4027 599 4086 in
620 4029 806 4101 substantia,
837 4040 866 4087 et
893 4047 1044 4088 venenosa
1066 4023 1201 4106 qualitas
1229 4029 1276 4080 est

125 4121 348 4199 insubstantia
362 4129 448 4189 aeris
476 4130 631 4207 corrupti3
668 4150 728 4189 arna
759 4129 839 4188 enim
871 4150 975 4188 earnm
1006 4147 1078 4190 vera
1104 4137 1149 4188 est
1179 4125 1276 4183 altera

127 4225 274 4287 existente
294 4229 378 4290 falsa.
421 4229 482 4293 Sed
506 4251 568 4291 non
589 4250 680 4306 curo,
702 4251 797 4310 pergo
819 4231 857 4292 ad
880 4231 949 4292 alia.

187 4329 298 4411 -·Quoe
317 4350 439 4392 unacum
461 4335 624 4393 alterumue
651 4336 864 4411 manifestorum
887 4344 940 4393 etc.
963 4366 1005 4379 -
1050 4328 1176 4393 Occulta
1200 4346 1275 4406 pro·
