2806 4800
664 261 742 336 308

134 463 225 537 enini,
245 472 276 521 ιιι
300 470 385 538 puto,
407 475 498 537 quae,
521 461 652 514 retracto
665 461 813 529 tempore,
833 465 915 508 anno
933 447 1044 509 scilicet
1064 445 1171 509 salutis
1186 449 1283 523 1406,

134 565 183 628 tie
203 581 277 626 vero
298 559 388 633 solis,
409 567 518 639 quarta
534 551 741 632 Septembris,
764 563 792 610 te
813 549 986 628 monebam,
1015 549 1172 625 hortabar,
1190 567 1282 629 roga·

134 669 224 740 bam,
244 661 325 737 tibi,
339 660 395 741 qui
417 656 603 738 Apollini
623 674 707 715 sacer
723 672 760 714 -ss
782 663 811 713 et
831 648 945 711 idcireo
966 647 1184 712 Citbarsae
1202 673 1282 715 exo·

133 788 201 844 sus,
232 763 271 827 de
296 764 373 843 ipsa
393 760 562 822 accuratius
585 777 715 820 caveres.
733 784 737 793 ·
758 755 829 817 Non
848 755 931 815 enim
952 754 1097 834 ignorem*
1128 768 1283 838 quantum

133 869 304 952 pboebeam
326 867 448 947 prolem
467 862 618 944 Cypria
638 862 705 940 ipsa
726 859 801 919 olim
827 856 969 919 inse'ots'tn
986 858 1044 919 sit:
1077 855 1282 932 adtleetiam,

134 969 219 1054 quod
241 966 412 1050 Cupido,
435 967 499 1027 eiua
522 975 623 1038 natus,
653 961 864 1022 Minervae
884 959 945 1039 ipsi
964 959 1072 1039 priscis
1089 960 1151 1021 illis
1170 960 1282 1021 seculis

133 1073 258 1139 insidias
280 1072 435 1135 struxerit.

206 1171 720 1246 (AnCeltesam23.Mirz15tlb.
756 1168 822 1223 ibid.
839 1164 883 1219 xl.
901 1186 928 1238 p.
945 1167 982 1234 3.)
1057 1210 1071 1217 ..
1133 1210 1136 1215 ,

508 1259 524 1295 *
886 1255 902 1290 ’lt

695 1302 713 1338 ιιι

221 1365 314 1430 Haud
335 1364 449 1426 iniuria
469 1360 544 1426 deus
574 1362 711 1442 optimus
733 1361 949 1440 auximusque
979 1379 1036 1422 nos
1058 1359 1206 1439 percussit
1229 1381 1282 1421 va-

135 1475 189 1537 riis
211 1467 441 1541 calamitatibus,
463 1464 562 1539 bellis,
592 1484 731 1524 annonae
748 1461 877 1541 caristia,
905 1457 1093 1524 multimodis
1114 1462 1207 1522 etiam
1231 1482 1286 1522 ae-

136 1573 361 1658 gritudinibus,
395 1566 569 1648 pestilentia
590 1579 620 1629 et
647 1566 758 1628 morbo
780 1566 834 1626 illo
855 1564 1020 1640 lichenico,
1051 1565 1108 1647 qui
1136 1565 1285 1646 fereper

137 1678 315 1741 universum
332 1673 442 1754 serpsit
463 1671 698 1752 penetravitque
721 1669 843 1747 orbsm;
863 1689 919 1731 uec
937 1667 1039 1731 adbuc
1060 1667 1130 1730 linis
1151 1680 1206 1730 est.

155 1810 161 1855 3
200 1779 264 1849 (An
282 1776 427 1832 denselben
443 1792 487 1827 am
506 1776 549 1827 ts
569 1770 632 1826 Oct.
648 1774 728 1824 1500.
765 1770 801 1823 ib.
820 1789 847 1842 p.
864 1769 904 1839 4.)

203 1989 231 2046 5.
275 1983 347 2045 Εἱιι
369 1984 656 2064 Ungenannter
679 1944 1024 2044 walirscbeinlieb
1045 2001 1114 2044 aus
1135 1980 1206 2044 den

549 2083 866 2148 Niederlandan.
914 2132 918 2139 .

299 2211 390 2289 Sopor
411 2209 540 2268 morbilb's
563 2209 664 2268 italicis
685 2208 723 2266 ab
745 2187 967 2266 excellentissimo
990 2204 1115 2264 doctore.

2 2339 49 2372 vor
67 2327 136 2382 1491
224 2309 328 2369 Primo
351 2306 518 2370 cavendum
540 2322 584 2370 est
615 2327 733 2368 summe
754 2308 794 2366 ab
816 2306 970 2382 omnibns,
1002 2324 1082 2387 qnae
1104 2308 1284 2386 sanguinem

137 2410 291 2485 inficiunt,
326 2409 404 2468 sicut
433 2408 617 2469 cohabitatio
647 2421 677 2470 et
705 2407 893 2469 conversatio
921 2424 991 2468 cum
1024 2405 1158 2484 infectis,
1185 2409 1281 2468 coitus

138 2532 207 2575 cum
230 2511 410 2571 mulieribus
431 2511 551 2572 infectis
580 2522 634 2572 aut
666 2532 735 2572 cum
765 2509 947 2572 mulieribus
973 2509 1034 2570 iam
1065 2494 1223 2572 maculatis
1242 2512 1281 2572 ab

138 2616 205 2691 bis,
239 2614 295 2694 qui
325 2613 387 2672 iam
411 2612 515 2674 inlecti
536 2624 617 2675 sunt.
661 2615 699 2675 Et
727 2615 842 2676 bonum
864 2626 909 2676 est
934 2625 1106 2694 propterea,
1134 2616 1228 2674 semel
1250 2613 1284 2673 in

139 2719 307 2799 septimana
328 2736 434 2796 capere
465 2717 498 2776 in
531 2716 659 2779 introitu
680 2720 750 2780 lecti
778 2717 932 2780 modicum
961 2714 998 2776 de
1022 2714 1182 2778 metridato
1204 2718 1286 2778 anti-

140 2838 203 2902 quo
221 2822 271 2882 vel
293 2815 332 2878 de
352 2821 482 2898 pulvere
503 2821 643 2882 unicorni
665 2843 732 2883 cum
757 2807 838 2904 aqua
859 2821 1021 2883 scabiosae.

142 2966 147 2974 -
225 2918 365 2986 Secundo
390 2934 512 3001 oportet
541 2944 647 2986 cavere
676 2926 716 2984 ab
738 2926 805 2999 bis,-
837 2945 917 3007 quae
946 2926 1125 3004 sanguinein
1144 2941 1286 2984 corrum-

139 3038 227 3110 punt,
248 3023 326 3087 siout
347 3023 402 3098 lac,
424 3025 534 3100 caules,
555 3024 672 3088 fructus
689 3025 777 3088 crucis
800 3040 830 3088 et
851 3028 955 3088 omnia
970 3023 1083 3102 dulcia,
1103 3008 1288 3087 solutisunt
1396 3064 1399 3068 ·

139 3131 201 3190 mel
221 3141 251 3189 et
270 3146 437 3203 succorum,
459 3128 563 3190 omnia
584 3130 661 3191 salsa
683 3143 712 3192 et
732 3132 835 3192 omnia
856 3129 1022 3205 acrumina,
1049 3141 1080 3191 et
1098 3127 1202 3192 t'estiri
1223 3127 1286 3187 im·

139 3229 262 3292 mundis
287 3230 393 3305 lineis,
424 3242 458 3290 ut
479 3231 606 3292 camisea
628 3243 656 3292 et
679 3233 777 3293 braca.
820 3232 1043 3294 Potesttamen
1067 3231 1113 3293 uti
1132 3229 1287 3292 fructibus

139 3333 277 3413 peponis,
302 3346 335 3393 ut
356 3332 483 3411 ficubus,
505 3337 630 3396 racemis
652 3335 689 3397 de
711 3349 824 3398 tartaro
849 3349 878 3397 et
900 3336 999 3416 pomis
1020 3333 1163 3412 granatis,
1186 3353 1286 3414 quum

79 3472 94 3495 .·
139 3437 198 3499 ista
218 3437 550 3519 sanguinempnrgant
579 3454 609 3503 et
631 3441 843 3504 mundificant:
876 3455 904 3504 et
931 3440 1035 3504 omnia
1059 3434 1173 3500 cibaria
1194 3459 1287 3521 prae·

139 3539 245 3619 parari
265 3535 376 3600 debent
399 3561 470 3601 cum
490 3556 584 3605 noeto.
1097 3536 1100 3543 ¹

144 3682 150 3687 -
226 3641 332 3702 Tertio
354 3663 460 3704 cavere
481 3658 601 3724 oportet
620 3647 660 3706 ab
682 3647 759 3723 bis,
780 3664 861 3730 quas
881 3647 1060 3726 sangninem
1081 3644 1281 3727 supe'rcalesa·

140 3746 233 3820 ciunt,
255 3745 332 3807 sicut
352 3745 531 3807 exercitium
552 3747 693 3824 nimium,
718 3751 809 3825 stula,
831 3750 939 3811 vinuni
953 3746 1041 3809 dulce
1062 3761 1092 3810 et
1106 3747 1217 3828 species
1232 3730 1281 3804 ca·

139 3845 231 3923 lidae,
252 3848 331 3908 sicut
350 3860 422 3909 sunt
441 3847 589 3925 zinziber,
616 3851 707 3931 piper
728 3865 758 3913 et
781 3864 835 3913 cet.
879 3853 1010 3914 Possunt
1030 3863 1134 3913 tamen
1153 3847 1198 3910 nti
1219 3847 1286 3908 oin-

140 3969 294 4027 namomo,
317 3950 392 4033 quia
411 3943 590 4029 sanguinem
611 3965 769 4033 temperat.

228 4048 356 4128 Quarto,
378 4053 406 4113 si
426 4053 518 4114 allcui
539 4055 666 4114 morbus
687 4055 892 4134 superveniat,
917 4064 1038 4134 oportet
1059 4066 1094 4114 ut
1116 4051 1151 4113 in
1171 4053 1288 4133 princi·

141 4151 195 4230 pio
215 4151 269 4216 fiat
287 4157 500 4235 phlebotomia
521 4157 624 4217 bracio
645 4157 782 4236 sinisti-03
804 4154 864 4220 sed'
879 4138 1289 4236 inlustrate-nntephtebo'·

141 4253 269 4315 tomiam
296 4254 387 4318 debet
415 4258 498 4319 sumi
526 4255 680 4320 modicum
714 4256 752 4320 de
771 4257 937 4322 metridate
958 4259 1088 4343 antiqno
1099 4302 1107 4335 ,
1122 4288 1126 4293 ·
1140 4271 1176 4320 ut
1194 4257 1290 4319 simul

140 4374 209 4418 otim
223 4359 501 4437 sanguinetumua
523 4380 692 4425 venenosus
715 4360 890 4461 expellatur
908 4362 965 4444 per
986 4362 1123 4424 foramen
1147 4380 1255 4424 sense.
