2806 4800
647 235 725 308 238

118 425 166 485 An
188 443 262 484 vero
285 434 396 483 vestem
417 418 610 483 induerent
630 420 803 482 membrum
823 420 993 485 inacindere
1024 443 1080 502 par
1100 424 1155 498 ait,
1186 426 1262 485 luna

117 525 264 585 existente
284 523 316 582 in
339 536 424 600 parte
447 519 582 596 zodiaci,
603 522 774 583 membrum
794 524 930 601 corporia
949 526 1144 604 respiciente,
1164 547 1184 585 a
1205 547 1263 606 pa·

116 624 183 687 ritia
210 623 301 685 buina
330 624 404 684 ertia
427 619 628 700 diiudicatum
670 643 745 701 ego,
772 636 924 702 quantum
944 626 1133 706 experientia
1152 645 1264 705 capere

116 724 223 805 potui,
243 727 334 803 ionga
353 721 487 804 disparia
505 743 571 786 aare
593 724 829 804 comperiebam.
872 725 1030 791 bmcrana
1052 729 1144 789 etiam
1163 748 1262 809 quam

115 825 227 889 ditttua
264 823 444 887 medicinam
467 821 643 901 tradiderit,
679 845 780 905 neque
812 837 915 886 tamen
953 823 1119 902 diffitetur,
1147 829 1263 902 minua,

49 923 54 932 ⁸
116 949 210 1011 qtram
232 924 349 988 medico
376 925 576 988 naceaaarium
606 927 663 1003 ait,
691 946 782 987 auum
811 926 1067 1005 comprehendere
1101 949 1265 1005 canonem,

116 1022 236 1114 etquis
257 1029 419 1103 dubitabit,
441 1043 473 1092 ut
495 1044 530 1095 tu
552 1029 734 1095 contendere
758 1028 907 1093 volebaa?
927 1030 1031 1095 Cruda
1052 1033 1145 1099 nimia
1165 1034 1265 1095 multa

116 1147 145 1197 et
166 1132 313 1207 aaaumia,
341 1144 370 1194 at
393 1133 549 1210 intelligia.
602 1132 651 1195 Da
671 1150 847 1195 mmoneae
866 1143 971 1193 antem
997 1129 1264 1196 administratione

101 1253 221 1298 'revera
233 1232 350 1296 medice
366 1233 521 1314 loqueriaa
543 1253 700 1296 acamonea
722 1235 815 1309 enim,
838 1235 895 1297 etai
913 1254 971 1305 ana
990 1235 1106 1296 occulta
1119 1234 1263 1314 proprie-

117 1349 194 1412 tate,
215 1357 310 1418 quana
330 1336 396 1396 aine
416 1337 565 1414 singulari
585 1337 662 1398 coeli
681 1337 841 1398 influentia
860 1355 931 1401 non¹
945 1337 1054 1411 habet,
1068 1357 1107 1399 ex
1128 1357 1161 1398 aa
1181 1356 1262 1397 aem-
1298 1322 1301 1329 ¹

116 1459 174 1518 par
199 1438 321 1517 operari
347 1438 467 1517 ponta,
492 1439 533 1503 ob
558 1437 592 1500 id
613 1458 707 1517 aegro
725 1435 941 1510 indifferenter.
963 1435 1097 1513 danda,1.
1112 1441 1262 1518 nullaque

115 1540 262 1619 temporie
281 1537 479 1602 commoditas
496 1537 699 1618 exapertanda
717 1540 776 1612 ait,
796 1558 836 1599 ex
856 1552 957 1601 mente
977 1541 1133 1620 loquaria,
1154 1541 1263 1603 miror.

117 1639 275 1704 Canonico
293 1639 332 1701 de
353 1662 495 1722 proceaan
517 1643 652 1727 loquor,
672 1661 737 1704 non
759 1654 878 1716 coacto,
907 1663 972 1725 quo
993 1641 1183 1724 quandoque
1201 1664 1264 1714 co.-

115 1739 435 1823 gimur,p1inaq‘uam
462 1739 636 1820 digeratur,
650 1763 820 1816 eramure,
839 1742 882 1803 ita
903 1753 943 1802 etr
955 1762 1080 1818 venam,
1106 1746 1206 1807 maiua
1227 1758 1267 1817 ut-

116 1841 232 1905 vitetur
254 1855 492 1919 nocumentum,
504 1841 690 1905 inscinderet
712 1847 786 1907 baec
807 1865 869 1906 non
900 1845 978 1920 arti,
996 1843 1050 1906 aed
1078 1867 1182 1907 nertrm
1204 1849 1264 1909 cir·

116 1944 314 2009 mamatantiae
333 1945 520 2008 ascribimua.
563 1943 656 2019 Quod
682 1946 710 2007 ai
731 1944 950 2026 praedictiones
972 1944 1102 2007 medicae
1123 1949 1202 2009 nibil
1222 1971 1264 2010 ex

115 2046 360 2126 catria.accipere
383 2044 476 2123 dicia,
507 2049 566 2109 boc
587 2047 655 2126 ipso
676 2044 758 2109 dicto
777 2047 872 2116 linars
901 2047 934 2106 in
956 2050 1130 2115 continente
1151 2051 1264 2113 fabum

116 2170 180 2213 aare
199 2154 308 2224 claret,
330 2170 398 2210 curn
420 2150 481 2223 ait,
500 2149 590 2212 criaea
610 2150 712 2218 malae
728 2145 913 2230 quibuednm
931 2147 999 2217 fieri
1021 2164 1150 2230 propter
1166 2172 1266 2215 acceo·

116 2272 185 2313 anna
207 2255 398 2330 planetarum
419 2250 459 2312 ad
479 2251 731 2313 iocanativitatia
741 2251 940 2317 infortunata.
992 2252 1141 2315 Similiter
1161 2255 1189 2316 ai
1213 2278 1263 2323 ca,-

116 2375 191 2434 pere
211 2356 282 2435 quia
304 2355 393 2428 velit,
412 2355 528 2414 inatana
546 2353 718 2415 coniunctio
740 2353 844 2421 trium,
853 2355 1048 2431 cupariorum
1070 2358 1268 2433 planetarum,

116 2455 151 2514 in
171 2475 277 2516 canem
299 2456 326 2515 si
346 2456 391 2515 nil
413 2456 486 2516 mali
506 2456 632 2517 arnovi
652 2476 692 2516 ex
713 2457 828 2521 morbia
849 2460 1003 2532 attulerit,
1025 2457 1157 2521 laudabo
1178 2438 1267 2530 tuam

118 2579 176 2639 pro
202 2578 238 2620 eo
258 2559 456 2639 sententiam
483 2559 600 2622 interea
622 2572 736 2633 artem,
755 2579 818 2620 non
844 2561 1019 2639 opinionem
1040 2563 1130 2623 etiam
1152 2585 1265 2643 quam·

119 2661 164 2724 via
184 2681 235 2721 me
254 2662 487 2735 observaturum
506 2674 625 2724 certum
647 2661 780 2743 babeam
812 2662 946 2722 Domum
965 2683 1041 2733 cum·
1064 2661 1103 2725 de
1123 2665 1265 2741 philoro-

117 2763 192 2841 phia
212 2764 271 2823 tibi
291 2782 393 2824 aermo
420 2761 579 2825 habendus
598 2775 691 2838 eaaet,
718 2763 905 2840 theologiam
921 2763 1117 2839 insimulas,
1135 2787 1215 2845 qnae
1235 2766 1265 2827 ai

120 2863 159 2925 de
178 2865 310 2924 cancello
332 2865 425 2940 vulgo
446 2861 659 2939 declamaaaea,
689 2862 949 2938 commendarem,
970 2848 1080 2946 utique
1101 2867 1192 2927 nobie
1212 2868 1265 2935 bic

118 2963 178 3024 alia
196 2962 438 3025 habenda-ratio
459 2977 520 3026 eata
542 2962 627 3044 quod
647 2964 746 3038 enim,
774 2961 856 3025 diem
877 2986 976 3046 neque
995 2968 1103 3031 boram
1124 2967 1266 3041 sciamur,

119 3070 258 3132 mirator,
284 3067 384 3143 dixit,
412 3069 492 3129 nihil
514 3069 632 3143 abatat;
663 3080 748 3131 recte·
763 3069 844 3128 enim
866 3070 1006 3148 rupiana,
1032 3068 1105 3131 dnm
1126 3069 1169 3139 ,de
1190 3091 1263 3130 cau·

119 3169 167 3232 aia·
180 3169 321 3232 aectmdia
340 3171 490 3251 loquitur,
504 3171 641 3250 primam
663 3188 814 3250 nunquam
835 3154 972 3246 abdixit,
992 3172 1088 3233 immo
1109 3173 1142 3233 in
1157 3171 1263 3250 -prirna

119 3271 183 3332 aine
197 3271 312 3339 »mediis
334 3271 462 3333 effectus
477 3271 616 3336 referra-
635 3268 775 3339 ordinem
801 3271 939 3338 universi
965 3285 994 3333 ct
1016 3270 1265 3349 deitopuaeaaet

120 3390 257 3448 arguere.
299 3371 439 3433 Prudens
459 3393 593 3452 namque
614 3371 672 3433 dei·
684 3373 851 3452 praemiare
879 3372 1176 3442 timorepetindicio
1205 3375 1267 3439 cir·¹

120 3469 289 3550 'camapecte
301 3473 486 3536 mtronomia
499 3485 552 3534 aut
570 3474 679 3554 qnaria
699 3487 764 3534 arte
783 3474 1006 3552 probe-utatur,
1029 3493 1120 3535 nemo
1133 3475 1266 3553 rupiana,

121 3571 212 3647 etiam
237 3570 524 3648 theolognadoctua
547 3592 683 3653 unquam
717 3574 904 3652 prohibent„
935 3577 992 3636 .Tu
1017 3588 1120 3647 autem
1135 3577 1184 3645 in=
1198 3598 1264 3647 eam

121 3674 270 3735 iamiam
285 3674 473 3752 ⁴.prolapaua=
493 3694 581 3737 more
607 3676 693 3752 vulgi
713 3677 816 3745 omnia
842 3676 1034 3755 imprimam
1047 3679 1261 3753 ,mnaamm‘im-

122 3772 257 3847 mediate.
272 3771 436 3845 referenda:
461 3775 579 3837 iuream·
592 3774 751 3849 arbitraria
776 3775 990 3863 inmanique-m
1015 3778 1112 3839 aulem
1133 3795 1260 3851 nauffi-

121 3876 259 3951 lesacere,
276 3872 332 3937 aad
351 3872 467 3938 deum?-
500 3873 712 3955 Quamdigna
733 3875 920 3954 philosopho
940 3876 1104 3945 uenientia!
1129 3877 1264 3973 omnm

122 3994 221 4039 vanua
229 3992 273 4041 eat
285 3979 455 4040 intellectae
464 3981 680 4045 Anaxanonaa
689 3982 784 4049 immo
805 3981 908 4059 potina
929 3977 1017 4049 tuna!
1037 3977 1268 4055 *Quaerenaima

123 4079 279 4155 poaaibilia
301 4092 339 4141 tn÷
362 4083 575 4160 ‚permanem-
588 4097 618 4145 et
641 4081 794 4148 blanditiis
822 4083 1004 4160 non-magia
1024 4103 1117 4163 quam
1139 4103 1197 4160 ego
1219 4082 1267 4141 iu·

124 4181 257 4254 eiaterea,
277 4201 385 4241 reuera
403 4183 639 4261 brevior-iunge
650 4180 877 4249 -contendiaaeal
889 4184 1057 4253 'rTbcoaitn
1078 4179 1268 4251 sacramde·

125 4284 227 4363 anpar-
238 4299 302 4343 eaae
324 4280 423 4343 etdei
440 4287 703 4360 mrim-absoluta·
717 4284 865 4364 potentia,
882 4284 986 4355 ornum
1007 4283 1269 4363 praeadmiror
