2806 4800
722 239 794 311 152

166 428 370 505 ,tum-,sputo
386 427 487 499 motus
506 427 716 506 planetarum,
735 422 914 486 directiones
923 452 943 498 ,·
954 421 1112 484 stationae·
1128 433 1165 482 et·
1178 431 1334 508 retrograg

76 606 81 615 α
186 525 322 589 dationes
341 539 502 608 ceteraque
522 522 717 600 huiusmodi,
736 525 851 607 quibus
874 522 1115 604 procapeoitate
1131 522 1262 584 humani
1282 524 1332 585 ia·

185 626 440 706 genii-publilius
459 626 587 704 cognitis
601 638 686 688 certe
706 625 844 686 iudicare
871 623 968 704 possis
993 624 1115 685 futuras
1133 623 1333 687 luminarium

184 729 432 806 coniunctiones,
464 729 672 808 oppositiones
699 741 730 790 et
759 729 883 808 eclipses
912 727 1034 808 aliaque
1059 739 1201 791 motum.
1214 746 1271 804 per
1296 746 1333 788 se

184 828 367 905 mantia.
415 828 454 890 Et
484 831 621 908 proiecto
651 829 684 891 io
713 831 776 892 -lroc
803 827 927 891 deberet
957 849 1021 891 ease
1051 829 1122 891 finis
1150 841 1194 890 et·
1214 830 1332 893 strictus

183 933 401 996 esnoaomicae
422 934 663 1014 supputationis3
683 937 716 995 in
737 935 792 995 illo
813 952 948 1014 nemque
968 932 1102 993 maxime
1131 929 1181 993 dei
1209 931 1336 994 tanim·

183 1036 301 1098 infinita
322 1057 384 1119 que
403 1039 552 1116 sapientia
572 1036 867 1119 dignoscitur,..,qua
886 1032 1000 1097 nedum
1020 1035 1142 1098 coelum
1161 1035 1330 1116 stellaeque

184 1149 214 1198 et
239 1149 322 1199 asma
351 1151 522 1214 creaverat,
550 1137 605 1201 sed
635 1141 728 1203 etiam
754 1137 942 1202 concreavit:
958 1136 1044 1223 ipsis¹
1060 1135 1236 1212 hominem,
1271 1135 1330 1216 qui

183 1239 287 1300 omnia
314 1239 373 1300 ista
398 1240 580 1319 intelligeret
614 1255 707 1325 atque
738 1234 928 1321 cognosceret
954 1237 1209 1319 providentque,
1249 1235 1331 1319 quid

181 1340 260 1399 inibi
278 1340 419 1401 firturum
431 1341 575 1416 -sit,···non
595 1355 696 1405 tamen
717 1339 903 1421 attingendo,
919 1338 1002 1422 quid
1021 1337 1093 1400 inde
1113 1340 1199 1401 foret.
1242 1339 1327 1401 Lau.-

182 1436 287 1500 dere'ar
305 1440 430 1521 itaque,
448 1441 476 1501 s'i
497 1443 760 1525 noetiitempoaie
773 1443 918 1522 astrologi
938 1442 1103 1524 quotannis
1123 1453 1326 1520 supputarcnt

180 1541 338 1602 almaoach
357 1543 613 1610 coniunctionum
640 1558 671 1608 et
707 1545 935 1625 oppositionum
964 1543 1121 1607 luntrium
1153 1553 1248 1624 etque
1272 1562 1325 1606 eo·

179 1662 250 1704 rum
276 1644 415 1724 eclipses,
447 1644 615 1709 omittendo
636 1649 793 1712 sceleratas
821 1644 1019 1709 divinatoriae
1044 1657 1137 1727 atque
1160 1643 1326 1709 diabolicae

179 1746 334 1824 practices,
354 1768 435 1829 quae
452 1768 676 1832 nonnunquam
697 1752 754 1812 sub
768 1750 857 1812 titulo
876 1751 977 1810 almae
988 1747 1327 1847 uniuersitatistsoetrae

182 1848 340 1925 emittunt,
363 1852 451 1932 qsrasi
471 1851 538 1932 ipsa
559 1853 677 1914 conscia
697 1854 736 1915 sit
749 1853 876 1938 huiusce
889 1849 1048 1915 damoetae
1060 1850 1329 1932 falsitatis,=quasn

180 1950 284 2010 multis
302 1952 389 2023 panis
410 1951 537 2014 doceate
559 1955 751 2034 experientia
766 1955 913 2034 comperit
927 1954 1059 2028 falsam,
1085 1964 1258 2019 ranemet-
1269 1973 1328 2015 su·-

177 2053 391 2131 perstitiosam.
434 2054 487 2116 Est
507 2055 765 2118 similiterdictae
784 2056 938 2118 varietatis
959 2076 1030 2134 pars
1052 2055 1151 2129 tertie,
1168 2066 1325 2143 quantum·

176 2157 287 2220 scilicet
307 2155 346 2218 ed
368 2159 572 2238 particulares
588 2171 854 2232 renumaveutus,
877 2180 897 2219 a
917 2157 1021 2221 multis
1046 2153 1327 2249 -quidem-propteq.

176 2254 419 2338 praerogatiuam
439 2261 471 2319 in
494 2257 585 2327 donis¹
602 2260 772 2322 intellectus
791 2259 944 2341 quaesita,
964 2257 1018 2320 sed
1039 2279 1058 2320 a
1078 2258 1200 2318 nemine
1218 2257 1324 2328 hacte-

176 2379 235 2422 nus
254 2373 392 2440 reperta,
411 2359 508 2420 veluti
528 2359 727 2437 impossibilis
746 2361 866 2422 homiui
887 2361 936 2422 vel
955 2360 1154 2440 impertinens
1182 2361 1326 2433 musula

176 2465 269 2522 timae
288 2461 477 2542 perfectioni.
528 2457 648 2534 Quodsi
673 2459 789 2541 pudor·
803 2483 852 2524 mc
880 2481 944 2525 non
972 2475 1142 2537 reuocaret,
1160 2461 1320 2549 referrem

177 2583 281 2624 unum·
295 2564 401 2625 saltem
430 2561 469 2623 do
497 2561 554 2638 iis,-
582 2582 663 2644 quae
683 2563 724 2624 -in
753 2563 902 2626 curremis
924 2563 1003 2625 'anai
1029 2563 1135 2629 XCIX
1161 2562 1326 2642 praesagia

176 2664 264 2743 vidi,
280 2685 317 2726 eo
337 2664 501 2744 praecipue
522 2663 633 2743 eapite,
666 2684 729 2746 quo
750 2662 789 2725 de
809 2664 874 2740 his,
901 2664 958 2746 qui
975 2664 1109 2735 Saturno
1135 2665 1186 2743 agi
1212 2663 1324 2731 dicua-

176 2778 246 2842 tur,
265 2780 429 2829 tractatur:
448 2769 567 2847 ist-quo
586 2765 722 2842 offendi,
748 2764 832 2849 quod
853 2765 962 2833 frenes
976 2766 1116 2855 'religiosi
1142 2767 1269 2844 lugubri
1289 2777 1324 2835 ορ

176 2868 266 2946 nigro
296 2869 404 2928 habitu
437 2868 538 2929 vestiti
568 2887 649 2928 enno
680 2879 826 2931 currente,
846 2864 976 2929 debeant
1005 2865 1116 2931 ducere
1146 2887 1258 2930 uxorea
1288 2879 1321 2931 et

175 2970 299 3051 nuptias
318 2970 481 3031 celebrare.
515 2965 616 3043 Quod
637 2981 672 3030 ut
691 2970 763 3048 legi,
783 2981 900 3033 tautam
915 2972 1112 3037 vehementer
1132 2991 1200 3033 sum
1213 2968 1325 3043 demif.

174 3087 258 3136 ratus
278 3071 452 3148 audaciam,
472 3093 536 3154 qua
557 3071 648 3134 ctiam
668 3068 773 3133 divina
789 3073 877 3135 astris
899 3071 1065 3137 subiiciunt
1079 3134 1081 3139 ,
1094 3085 1140 3146 et,
1161 3069 1321 3155 quasidi·

175 3177 240 3237 vini
259 3176 375 3237 amoris
397 3175 480 3254 ignis
501 3172 595 3236 radiis
617 3176 774 3236 stellarum
796 3175 957 3251 coalescat,
975 3172 1027 3236 dei
1049 3177 1174 3239 consilia
1195 3176 1228 3237 in
1249 3195 1319 3237 ooe·

173 3277 262 3339 leetia
277 3278 430 3338 referunt:
456 3265 672 3338 ¹miserendum
694 3274 933 3359 quippa,.quod
961 3275 1076 3339 nedum
1103 3279 1202 3341 bonae
1227 3288 1319 3354 artes,

172 3374 337 3439 sedetiam
359 3377 476 3438 Christi
496 3380 603 3471 religip
625 3379 751 3442 huiusce
778 3380 945 3443 involucris
973 3377 1090 3443 diaboli
1115 3394 1148 3445 et.
1164 3380 1317 3442 -avaritiae

174 3480 351 3541 commentis
369 3479 412 3539 ita
434 3477 546 3541 debant
566 3481 720 3560 prostitui.
774 3481 835 3546 sed
856 3481 1126 3566 quodpollioitus.
1141 3504 1209 3547 sum
1242 3502 1324 3562 pro-1

171 3579 293 3663 sequar.
334 3579 406 3642 Non
427 3581 509 3642 enim
529 3578 589 3641 diei
610 3595 726 3661 potest,
752 3583 837 3668 quod
857 3599 960 3648 motus
983 3585 1048 3645 sint
1065 3582 1180 3647 radices
1202 3585 1316 3643 horum

171 3680 370 3760 iudiciorum3
398 3701 468 3742 nem
490 3683 624 3745 motibus
644 3685 710 3747 lere
726 3686 838 3750 iisdem
858 3683 1056 3749 existentibus
1082 3686 1173 3760 longe
1198 3681 1314 3741 ,variari

171 3783 310 3849 videmus
330 3781 458 3860 iudicia,
489 3797 518 3846 et
540 3783 624 3867 quod
646 3786 692 3848 sol
713 3789 857 3850 existens,
872 3784 1035 3863 ist-aliquo.
1060 3782 1148 3859 signo
1168 3789 1314 3860 operatur

170 3888 203 3948 ia
237 3907 299 3948 una
330 3886 471 3965 regione,
506 3884 588 3950 idem
617 3889 780 3951 facit-lere
818 3886 879 3948 sub
907 3881 1049 3963 opposito
1076 3882 1168 3959 signo¹
1192 3881 1227 3941 in
1252 3879 1314 3940 alia

169 4001 270 4066 terra,
297 3986 556 4072 quemadmodum
575 3989 610 4051 in
638 3989 728 4069 Syria
756 3987 942 4064 colliguntur
960 4002 1050 4045 uvae
1085 3983 1143 4044 sub
1173 3981 1312 4062 geminis,

170 4111 247 4173 quas
268 4093 321 4154 vix
341 4093 511 4173 colligimus
531 4091 589 4154 suls
618 4088 753 4166 virgiac,
779 4088 859 4148 libra
879 4099 942 4149 eut.
962 4087 1130 4166 scorpione.
1180 4083 1313 4162 Accedit,

96 4217 100 4228 ·
170 4190 255 4275 quod
279 4214 362 4256 sacra
376 4193 550 4274 'scriptum
575 4210 655 4272 quae
675 4185 779 4251 diuina
802 4190 914 4255 veritas
933 4203 979 4255 est
999 4203 1028 4253 et
1048 4192 1081 4253 in
1102 4190 1209 4253 ordine
1231 4190 1321 4252 veri-1

169 4309 263 4360 tntum
286 4298 403 4377 prima,
424 4303 510 4372 urm,
529 4286 626 4358 veluti
644 4290 784 4357 omnium
805 4291 930 4357 domina
950 4307 979 4359 et
1000 4296 1104 4374 regino
1126 4295 1310 4357 intellectua-
