2806 4800
530 336 541 349 ,
609 258 683 329 sus

79 447 237 508 Praeterea
259 465 327 506 eum
349 447 467 506 coelum
488 445 528 506 sit
547 464 637 506 cause
659 442 885 520 universitatis,
904 463 1003 524 esque
1024 455 1069 505 est
1087 443 1167 524 pesti
1187 464 1221 504 ec

79 548 159 609 febri
178 548 342 620 tertianae,
363 548 411 608 vel
434 544 535 606 dolori
555 543 693 606 dentium
713 556 767 606 sut
788 545 877 606 elteri
898 542 1091 624 dispositioni
1112 563 1221 624 corpo·

80 650 123 710 ris
140 669 260 710 censam
282 648 484 710 universalem
507 666 548 708 ex
567 649 652 709 coslo
670 647 839 726 assignare,
875 667 955 729 quse
974 657 1107 708 cessante
1135 658 1221 707 motu

80 763 109 812 et
120 751 241 812 influxu
255 751 331 813 coeli
350 750 483 830 emplius
504 770 567 811 non
588 751 780 830 provenient.
822 749 958 810 Multum
970 768 1097 832 quoque
1110 745 1222 808 distent
1280 808 1283 813 ,

79 856 160 915 inter
182 876 231 930 se,
264 856 382 915 coelum
412 874 475 915 esse
498 874 619 915 causam
649 855 851 916 universalem
881 865 910 916 et
937 874 977 914 ex
997 854 1082 914 coslo
1102 868 1221 911 ostream

81 958 282 1018 universalem
309 957 472 1035 assignare.
533 957 685 1036 Nuspiem
716 958 799 1016 enim
832 957 988 1016 Arsurum
1020 953 1145 1015 adnotet
1166 973 1222 1014 seu

80 1060 260 1120 nominatim
281 1056 477 1136 determinat,
499 1055 603 1122 delinit
625 1063 674 1123 vel
695 1060 860 1140 specificat,
882 1057 966 1140 quod
987 1072 1032 1120 est
1052 1059 1221 1135 assignare:

80 1164 197 1223 eoelum
225 1158 391 1222 secundum
417 1161 617 1222 luminarium
637 1162 762 1242 eclipses
782 1163 831 1223 vel
852 1161 1079 1225 nonirmetiooss
1099 1182 1223 1240 magnos

80 1267 130 1326 vel
158 1262 401 1345 ponderosorum
429 1264 463 1324 in
493 1265 621 1342 geminis
653 1264 811 1325 oonsinnnt
839 1275 974 1342 pestemr
1002 1282 1110 1323 verum
1141 1261 1223 1338 dicit,

78 1365 287 1448 qnodhornm
308 1367 457 1441 omnium,
478 1377 555 1444 puta
575 1366 782 1444 legitimorum
793 1377 824 1425 et
843 1346 1084 1442 illegitimoruni,
1105 1377 1223 1444 tempo-

77 1489 148 1529 rum
163 1489 272 1531 eousee
291 1483 427 1532 remotae
446 1481 520 1530 sunt
540 1469 667 1531 formae
679 1466 756 1529 eoeli
775 1468 797 1529 i.
821 1489 847 1528 e.
868 1467 959 1542 solis,
984 1467 1039 1548 qni
1060 1480 1106 1528 est
1126 1467 1223 1528 msior

77 1592 149 1651 pers
169 1575 262 1647 coeli,
282 1593 416 1634 secessus
437 1584 468 1632 et
488 1591 632 1632 recessus.
673 1570 739 1631 Nec
767 1569 923 1650 reciproce
944 1582 1016 1631 sont
1044 1569 1224 1631 universalis

78 1689 108 1735 et
127 1687 244 1736 remote
265 1695 371 1751 ceusu
394 1693 487 1755 quem
508 1674 592 1734 enim
611 1671 701 1733 affert
722 1675 909 1750 astrologus,
935 1685 1053 1733 remoto
1080 1685 1142 1748 est,
1171 1670 1224 1734 sed

80 1795 174 1854 quem
194 1776 284 1853 ponit
305 1772 455 1849 medicus,
483 1777 659 1856 propinqua
681 1786 726 1836 eet
751 1787 782 1836 et
802 1775 883 1834 nihil
904 1775 1006 1836 minus
1034 1775 1224 1851 universalis,

80 1887 154 1955 puta
185 1876 380 1954 intemperies
407 1877 460 1934 vel
489 1889 667 1954 corruptum
694 1896 758 1935 esse
779 1876 872 1936 aeris:
904 1876 1028 1937 effectus
1047 1877 1129 1937 eninr
1155 1877 1225 1937 uni·

80 1979 204 2041 verselis
235 1996 356 2039 mosem
389 1977 591 2039 universalem
624 1996 679 2047 seu
708 1995 898 2038 communem
932 1998 1053 2057 semper
1083 1978 1225 2058 requirit.

80 2083 253 2160 Pergamus.

165 2188 347 2266 Propinquus
366 2204 430 2244 sero
453 2184 645 2244 exhalationes
658 2194 765 2242 etu-
790 2181 869 2243 Cum
890 2181 1099 2243 exhalationes
1119 2194 1149 2243 et
1170 2205 1225 2245 ex·

80 2287 160 2346 terni
181 2304 310 2364 vapores
331 2296 489 2346 terrestres
509 2305 562 2346 seu
583 2285 776 2346 elementales
795 2284 836 2344 ab
856 2306 937 2366 eque
952 2297 983 2346 st
995 2297 1076 2346 terre
1094 2288 1225 2349 secesio-

79 2411 132 2450 nes
156 2401 226 2458 sunt
246 2389 436 2467 corruptioni
461 2389 542 2449 e'e'ris
563 2384 760 2462 adventitiae,
790 2388 949 2468 quaeritur
972 2408 990 2447 s
1011 2399 1058 2462 te,
1086 2409 1166 2468 queo
1187 2391 1225 2451 il·

77 2493 138 2551 lius
165 2509 271 2550 causes
295 2488 506 2569 propinquae,
536 2487 609 2551 dum
637 2489 671 2549 in
690 2509 724 2567 se
744 2489 814 2569 ipso
835 2489 1043 2568 corrumpitur
1063 2497 1117 2550 e'e'r
1141 2492 1225 2552 tebe-

72 2594 174 2669 ¹festus
195 2594 228 2652 iu
249 2591 418 2652 substantia
438 2613 503 2654 sus.

164 2698 190 2757 0
211 2701 348 2772 ingessum
369 2699 501 2758 muliebre
521 2709 575 2757 etc.
598 2729 643 2742 -
690 2696 813 2775 Tuopte
840 2695 964 2774 ingenio
984 2707 1014 2754 et
1035 2692 1150 2757 iudicio
1170 2718 1225 2757 ex·

76 2799 286 2858 clamationem
307 2799 392 2858 illem
411 2800 489 2860 iuste
510 2800 543 2859 in
562 2812 593 2860 te
613 2818 779 2879 provoces3
801 2819 871 2859 nem
893 2796 992 2880 (quod
1014 2799 1047 2858 in
1068 2811 1098 2860 te
1119 2819 1224 2861 omnes

78 2895 238 2976 damnent)
260 2896 453 2962 detractionis
474 2901 583 2963 vitium
605 2922 644 2963 ex
663 2902 808 2962 muliebri
829 2896 953 2981 ingenio
975 2915 1005 2963 et
1020 2903 1224 2982 pusillanimi·

79 3016 140 3064 tete
161 3002 267 3075 enimi,
289 3022 342 3062 neo
357 3001 482 3064 aliunde
501 3005 675 3085 provenire,
697 3007 768 3087 quis
788 3003 932 3066 dubitati
977 3002 1153 3078 Qualibebis
1173 3006 1224 3066 vie

77 3118 195 3180 temen,
216 3106 242 3166 si
265 3106 313 3167 vir
333 3108 390 3167 sim
411 3128 451 3167 en
472 3129 526 3184 ne,
548 3109 719 3186 experiere.
796 3130 799 3136 ·

165 3210 306 3268 Haereses
326 3211 496 3290 quandoque
516 3210 652 3289 conflabis
673 3219 728 3267 etc.
749 3241 790 3255 -
825 3209 1022 3287 Blesphemie
1044 3220 1074 3268 et
1095 3207 1221 3271 mende-

77 3312 158 3372 sium
176 3324 237 3389 eet3
258 3312 337 3370 nihil
352 3313 385 3369 in
403 3307 576 3371 orthodoxe
596 3309 796 3372 lreesitofides
816 3310 869 3372 sed
882 3312 908 3372 ei
927 3313 1096 3375 haereticus
1115 3333 1223 3394 super-

77 3417 135 3473 bue
155 3424 201 3472 est
221 3424 250 3471 et
269 3409 425 3485 indoctus,
448 3424 497 3486 tu,
519 3412 653 3472 inscitiae
675 3416 809 3490 antistes,
837 3413 936 3497 (cuius
959 3417 1103 3494 superbie
1125 3429 1154 3477 et
1175 3418 1223 3476 in·

76 3516 161 3578 scitia
183 3514 279 3574 nostri
299 3526 343 3574 est
362 3514 483 3592 ferrugo
504 3513 615 3599 libelli)
641 3515 719 3598 quid
749 3515 787 3578 de
808 3530 838 3579 te
866 3519 935 3598 ipso
965 3518 1080 3580 inferre
1100 3521 1222 3596 hobees,

76 3619 207 3680 eliorum
228 3616 432 3696 relinquimus
453 3616 575 3679 iudicio.

162 3723 209 3786 Au
236 3743 299 3782 sero
323 3727 522 3783 coniunctiones
544 3744 676 3799 magnae.
690 3736 744 3785 etc.
766 3758 809 3771 --
852 3724 1037 3805 Superstitio
1056 3727 1219 3805 plusquam

75 3825 185 3906 peritia
206 3836 265 3885 est:
297 3824 329 3883 in
356 3824 619 3886 coniunctionibus
648 3827 783 3904 magnis,
814 3840 851 3888 ut
878 3828 1072 3900 shimeeriis,
1102 3839 1219 3885 utnon

76 3930 198 3989 entibus
219 3941 247 3988 et
267 3926 371 4002 fictiis,
391 3929 479 3988 nulla
500 3929 564 4004 vis,
594 3930 678 3988 nulla
700 3928 831 3990 efficacis
852 3931 940 3990 inest.
997 3925 1089 4001 Quod
1118 3939 1219 3987 eutem

75 4034 187 4110 vulgus
208 4030 279 4092 dicit
301 4035 454 4110 cognitum
477 4034 702 4113 experimento,
734 4045 803 4113 post
830 4033 949 4112 aliquot
977 4048 1128 4089 annorum
1150 4052 1219 4092 cur·

76 4152 127 4192 eus
147 4135 309 4210 provenire
331 4149 462 4214 pestem,
490 4139 548 4198 hoc
570 4135 712 4218 quidem,
741 4136 797 4197 etei
817 4146 1061 4206 tennensium,
1091 4136 1219 4195 astrolo-

75 4235 148 4315 gicis
167 4233 317 4312 figmentis
338 4249 438 4296 temen
460 4251 488 4298 et
511 4238 630 4300 firmius
652 4251 681 4298 et
703 4237 903 4316 praestantius
923 4246 967 4296 eet
988 4235 1095 4296 multo.
1144 4237 1217 4295 Pot-

75 4349 119 4398 est
151 4337 261 4415 vulgus
290 4339 461 4400 coniectura
487 4340 619 4423 quedem
651 4339 814 4404 adrentum
846 4338 1110 4420 <intemperantior
1138 4338 1218 4397 aeris
1298 4410 1302 4415 ¹
