2806 4800
666 228 742 298 270

132 427 234 497 possst
254 414 432 477 concinnare
463 425 578 493 pestem
606 423 637 474 et
665 413 708 474 ita
740 409 806 472 siae
837 430 954 472 veneno
984 423 1061 473 esset
1092 411 1280 491 pestilentia,

132 517 217 601 quod
237 516 504 580 contradictionem
525 515 670 595 implicat.
723 514 830 574 Tertio
861 511 936 575 dicis
965 511 1119 587 medium,
1150 535 1216 595 quo
1244 517 1279 575 in

132 627 204 682 alre
222 619 412 682 venenositas
433 615 610 691 conficitur,
632 617 757 677 'melun
777 634 861 690 esse,
891 634 961 675 urm
986 616 1104 675 nullius
1126 612 1279 697 (primum

132 736 283 786 motursm
300 717 435 803 praeter)
457 717 592 782 medium
613 729 667 781 aut
686 718 923 779 instrumentum
945 719 984 779 sit
1003 719 1132 778 coslum.

200 828 282 894 ,Non
301 846 374 905 pras
394 827 476 884 livore
492 837 601 884 etc.-
644 821 758 884 Livors
778 821 824 880 nil
844 821 958 900 patior,
980 819 1034 882 sed
1056 841 1131 899 prae
1149 833 1278 882 tuorum

132 925 400 988 deliramentorum
421 925 516 986 nimia
535 925 681 999 falsitate,
711 943 806 1005 quam
827 936 935 1003 suapte
964 935 1073 985 natura
1093 923 1209 1002 refugit
1228 924 1280 984 in·
1387 986 1390 996 ,

132 1029 279 1091 tellectus.
333 1029 412 1088 Vult
430 1027 512 1088 euim
534 1027 714 1101 Amemus,
741 1023 826 1106 quod
856 1025 934 1086 ratio
963 1024 1169 1088 conversionis
1198 1025 1281 1087 aeris

133 1131 165 1190 in
186 1130 336 1191 maliciam
358 1127 545 1212 quandoque
567 1143 610 1192 est
630 1131 799 1193 substantia
820 1129 895 1204 eius,
916 1127 949 1189 id
971 1142 1017 1191 est
1036 1130 1138 1191 totalis
1152 1128 1281 1189 mixtio-

132 1233 181 1294 nis
200 1234 373 1314 corruptio,
406 1231 594 1316 quandoque
614 1247 658 1295 eat
678 1233 768 1294 sanius
790 1232 947 1313 qualitatis
965 1232 1115 1310 intensi03
1145 1250 1208 1293 non
1230 1231 1280 1291 in·

131 1335 314 1415 telligeudo,
347 1335 433 1418 quod
453 1337 553 1415 prima
579 1335 632 1398 liat
660 1336 726 1397 aino
752 1336 968 1417 qualitatibus,
999 1333 1054 1397 sed
1080 1331 1168 1416 quod
1193 1336 1280 1394 nulla

132 1438 256 1499 illarum
276 1438 317 1498 sit
338 1437 403 1498 eius
425 1458 524 1500 causa.

219 1542 368 1616 Subiungis
388 1542 506 1623 denique
527 1553 582 1602 etc.
604 1572 647 1587 -
690 1537 799 1604 Omnis
818 1539 966 1601 medicina
988 1552 1078 1602 vetus
1097 1551 1185 1601 extra
1206 1561 1280 1602 onn-

133 1643 314 1704 trovsrsiam
334 1643 441 1703 asserit
461 1664 517 1704 ver
539 1639 673 1703 calidum
693 1656 723 1704 et
745 1640 928 1718 humidum,
949 1645 1180 1719 llrrnocusrsS,
1212 1645 1280 1704 Ga·

135 1767 247 1822 nauus,
268 1748 427 1807 Amnum
448 1758 660 1826 temperatum.
710 1743 892 1806 Excusando
919 1758 1020 1806 autem
1047 1748 1098 1807 uel
1128 1747 1280 1826 iuterpre-

134 1845 228 1910 tsndo
249 1849 352 1928 potius
370 1847 491 1923 dictam,
519 1859 698 1909 uetustatem
718 1868 776 1926 per
797 1845 927 1907 mlidum
950 1861 979 1909 et
1000 1845 1164 1907 humidum
1189 1848 1281 1909 intel·

134 1952 244 2014 lexisse
262 1951 493 2033 aequalitatem3
511 1952 671 2012 Avrcauna
694 1948 826 2012 aecunda
849 1953 962 2029 primo,
984 1948 1078 2011 doctr.
1089 1951 1117 2010 ll
1137 1971 1249 2012 summ.
1266 1952 1280 2010 l

135 2056 224 2136 capit.
246 2056 291 2116 VI
311 2056 411 2116 statim
432 2056 513 2117 inter
532 2055 635 2116 initia:
662 2054 732 2115 lieet
754 2074 809 2114 ver
837 2054 946 2114 existat
976 2073 1044 2113 cum
1065 2073 1122 2114 sua
1140 2053 1281 2134 aequali·

134 2171 213 2233 tate,
240 2171 342 2220 tamen
372 2156 412 2218 ad
440 2159 584 2219 subtilem
613 2155 795 2218 caliditatem
824 2169 854 2216 et
873 2153 1088 2216 humiditatem
1108 2157 1280 2216 naturalem

135 2258 282 2337 declinam
308 2260 449 2322 Gannuus
471 2262 573 2340 primo
595 2258 634 2320 de
654 2259 858 2338 complexion.
877 2279 941 2337 cap.
962 2259 1020 2318 lll:
1041 2271 1072 2319 et
1092 2259 1282 2334 existimant,

137 2357 221 2441 quod
244 2361 415 2438 proprietas
434 2361 626 2442 aequalitatis
647 2373 706 2435 est,
741 2372 776 2419 ut
796 2360 836 2421 sit
868 2358 999 2419 calidum
1021 2361 1091 2439 plus
1114 2359 1229 2438 frigido
1243 2374 1281 2422 -et

136 2459 298 2521 humidum
322 2463 392 2539 plus
412 2463 498 2523 sicco.
541 2460 656 2522 Videas
669 2482 743 2541 ergo
762 2473 831 2521 utsr
845 2461 1004 2524 mandacio
1023 2461 1278 2542 deprehendatur,

137 2561 332 2645 quandoid,
363 2562 449 2646 quod
469 2565 642 2642 attulimus,
672 2578 701 2626 et
729 2566 888 2626 Amemus
909 2579 939 2627 et
960 2567 1105 2628 Gannaus
1127 2566 1281 2647 apertissi-

139 2665 196 2726 mis
217 2668 319 2728 verbis
338 2668 523 2747 exprimant.

224 2771 282 2830 Sed
299 2783 331 2831 ιιι
353 2776 446 2831 omnia
464 2793 519 2851 pro
538 2772 656 2832 caludo
666 2772 758 2853 fingis
778 2784 834 2832 etc.
857 2806 899 2817 -
943 2771 1103 2850 Figmauto
1131 2771 1234 2833 fictius
1254 2785 1284 2833 et

136 2869 316 2951 proximum
338 2869 493 2932 mendacio
523 2885 583 2949 est3
612 2875 795 2955 sinumque
825 2873 874 2955 (ut
895 2873 1070 2957 citavimus)
1086 2873 1126 2936 ad
1149 2889 1282 2938 mentem

138 2974 317 3034 durannum
339 2987 369 3035 et
391 2973 511 3035 Ganuur
531 2976 658 3036 illorum
680 2977 774 3038 verba
791 2995 854 3038 non
875 2976 1054 3052 rettulimus,
1073 2975 1216 3040 cedemus
1235 2998 1285 3037 ac·

140 3076 266 3136 cusanti,

145 3212 148 3217 ·
175 3218 179 3225 -
224 3179 415 3254 Lutdudiucm
435 3181 653 3260 complexantem
669 3178 816 3258 massuads's
830 3191 886 3241 etc.
909 3213 951 3228 ·-
994 3178 1060 3243 sed·
1075 3181 1203 3243 ubinam
1226 3183 1286 3243 hoo

140 3283 173 3341 in
194 3281 314 3359 scriptis
336 3283 448 3343 nostris
468 3279 647 3343 offendisti?
687 3280 807 3356 Quodsi
830 3284 1025 3360 offendisses,
1056 3283 1137 3346 dicas
1158 3306 1285 3366 qttaesm

140 3383 297 3463 quidnam,
319 3395 467 3463 sequatur
491 3382 728 3445 inconvenieus?
779 3383 911 3460 Quando
945 3388 1122 3466 praesertim
1152 3388 1286 3450 latitudo

141 3487 259 3564 ipsam
281 3485 464 3562 qualitatum
485 3497 514 3546 et
535 3486 701 3547 formarum
726 3489 863 3550 conlusio
881 3488 1030 3571 quaedam
1054 3488 1205 3568 graduum
1226 3506 1285 3569 est;

141 3599 173 3648 et
191 3585 327 3666 prolecto
348 3595 412 3643 tam
433 3587 589 3662 Gannnus,
611 3592 1015 3668 quam'Avrcnauaiomnes
1035 3612 1133 3671 paene
1157 3595 1284 3654 conlisu-

142 3690 228 3752 dunt.
281 3684 373 3762 Quod
400 3707 534 3769 namque
565 3691 657 3752 unius
684 3696 912 3774 comparatione
939 3693 1071 3755 calidum
1105 3708 1168 3772 est,
1196 3693 1280 3755 alteri

141 3795 284 3854 collatum
305 3786 450 3867 [rigidum
473 3788 617 3870 dicimue;
647 3790 685 3854 de
712 3807 881 3874 temperato
910 3797 1064 3871 similiter,
1101 3796 1186 3878 quod
1206 3797 1282 3856 Ava-

142 3914 238 3956 onnns
258 3906 327 3957 octo
358 3892 457 3956 modis
483 3893 660 3958 coalttndits
693 3909 723 3958 et
754 3901 893 3978 exemplu
921 3912 991 3961 estut
1016 3902 1161 3975 clariora,
1190 3916 1286 3980 qstam

143 3995 228 4076 quod
250 3999 441 4077 expositione
458 3996 621 4079 indigeant.

210 4102 277 4160 'Ex
298 4106 569 4162 unos'acoaoau'sate
588 4115 642 4163 stc.
667 4134 707 4149 ··-
750 4103 964 4167 Catholicoues
984 4107 1030 4166 tui
1051 4119 1124 4167 sunt
1144 4107 1288 4188 etquasi

145 4218 254 4279 rapum
276 4219 338 4260 non
358 4222 491 4281 aquae,-'
505 4201 558 4263 sed
587 4216 683 4265 terrae
706 4208 773 4267 olus
804 4207 905 4266 vocari
932 4205 1040 4267 debeat
1061 4220 1090 4267 et
1118 4207 1151 4268 id
1180 4227 1289 4286 gentas.

145 4299 240 4376 Quis,
269 4299 345 4363 deus
362 4304 457 4380 bone,
486 4303 653 4366 medicinas
673 4306 766 4368 modo
786 4307 923 4369 initiatus
945 4309 990 4370 sit·
1005 4322 1065 4371 tam
1085 4308 1202 4383 rttdis,
1225 4322 1289 4370 tatu
