2806 4800
653 174 726 251 ten

121 365 201 429 fama
220 374 294 437 erat,
315 362 419 441 patacio
436 373 507 423 ante
525 361 612 428 annia
634 361 714 423 intra
729 359 820 421 triam
838 357 988 423 maurium
1005 357 1137 441 epatium
1158 369 1268 440 quater

122 479 152 529 et
176 466 266 527 vicies
287 474 409 530 centana
432 464 529 527 miliia
545 462 718 545 dominnm
740 463 773 523 in
801 481 837 522 ea
865 461 942 527 ttrite
965 458 1026 520 tali
1053 461 1104 520 lue
1134 459 1268 529 ¹extinctu

123 587 195 631 ease.
238 566 276 629 Et
293 568 371 633 itaec
392 563 431 627 de
450 563 851 649 peatiientialadpraeacna
872 561 1032 626 sufficiant.
1071 598 1075 603 ·

147 724 407 835 Clorreiariu'm
433 718 596 829 primum
618 720 885 835 conclusionis
906 747 1054 810 tertiae.
1072 721 1247 835 (ylicem)

183 916 186 921 .
211 869 280 935 Non
303 867 400 946 probe
416 864 528 927 claudit
550 863 625 937 naec
645 863 858 955 conditionalia
871 878 939 927 tua:
960 866 1029 927 lieet
1051 886 1185 949 namque
1200 884 1270 933 coe·

124 974 190 1037 inm
211 971 255 1035 ait:
270 990 358 1041 cauea
379 968 532 1049 auiiiciena
553 969 659 1044 noctis,
680 981 772 1048 prout
794 967 975 1047 philosophi
996 965 1069 1031 inde
1088 969 1270 1049 loquuntur,

124 1089 225 1137 tamen
246 1073 281 1133 in
300 1072 444 1134 omnibns
455 1071 539 1137 tiocia
551 1071 652 1135 ,simut
668 1082 703 1131 et
724 1071 893 1152 aequaliter
907 1090 968 1131 non
983 1067 1123 1142 ridemna
1137 1083 1270 1143 noctem:

125 1197 181 1237 nec
200 1187 305 1241 contra
326 1173 432 1248 etiam,
464 1185 552 1247 erto„
576 1170 660 1253 qued
682 1172 714 1231 in
734 1172 878 1239 omnibus
899 1171 973 1241 locia,
993 1172 1085 1254 ainrnl
1107 1184 1143 1243 et·
1157 1192 1271 1255 aequa·

125 1277 195 1347 liter
223 1295 285 1337 nno
313 1280 453 1352 tempore
484 1271 659 1343 rideremus
684 1273 910 1352 operationem,
942 1284 1122 1354 sequeretur
1151 1256 1271 1337 coelum

127 1372 323 1443 aufficeread
345 1375 453 1437 talium
477 1358 657 1442 morborum
677 1373 923 1454 productionem,
944 1395 1007 1439 non
1024 1372 1113 1456 quod
1133 1396 1271 1439 commu·

128 1500 198 1548 nem
220 1477 302 1540 cocli-
314 1475 505 1544 influentiam
533 1475 659 1558 aliquod
684 1477 871 1539 inferiorum
899 1473 1064 1556 impediat,
1097 1491 1191 1558 prout
1217 1499 1272 1543 nee

130 1593 246 1643 motum
267 1576 381 1657 ipsine,
408 1575 466 1641 aed
500 1575 585 1658 qnod
620 1579 702 1645 nulla
725 1598 885 1639 cauaarnm
909 1588 1037 1657 ¹praeter
1057 1577 1189 1657 primam
1210 1580 1272 1644 eibi
1340 1587 1342 1590 ’

128 1683 190 1762 ipai
208 1679 359 1743 sufficiens
372 1691 437 1754 eat„
450 1700 518 1747 oum
533 1681 687 1760 quaelibet
702 1681 868 1743 necetaario
882 1693 1107 1760 praeaupponat
1116 1681 1271 1759 inflexum

130 1786 257 1866 primae,
278 1805 370 1866 aqna
393 1784 536 1851 virtutem
557 1781 700 1849 causandi
719 1780 933 1846 accommodat.
976 1784 1013 1846 Et
1032 1805 1093 1847 non
1106 1799 1273 1865 parnmaat

129 1885 303 1951 mirandum
331 1886 472 1966 proiecto⁴
500 1883 537 1949 de
571 1886 758 1965 philosopho
790 1886 935 1960 homine,
975 1887 1032 1969 qui
1061 1886 1273 1955 sufficientiam

130 1990 310 2055 muaaiitatia
330 1989 362 2051 in
382 1990 472 2063 coelo.
489 1989 521 2049 in
543 1989 658 2078 morbia
678 1988 933 2068 pestilentialibue
954 1988 1064 2051 nititur
1083 1989 1274 2079 perquirere,

131 2115 199 2159 urm
227 2093 252 2155 ii
272 2112 389 2157 caueant
404 2148 407 2153 .
424 2090 525 2170 potiare
552 2090 711 2171 requirant
741 2089 947 2166 deiicientem,⁴
977 2090 1051 2172 qnia
1079 2104 1152 2153 attat
1178 2093 1275 2156 relati

129 2209 256 2258 naturae
275 2206 426 2262 annectat
450 2205 706 2259 commensuratae
730 2193 867 2255 acuitatis
895 2191 1093 2271 privationes..
1140 2191 1274 2257 Univer-

130 2297 232 2359 aaiitas
255 2307 410 2373 praeterea
429 2292 740 2370 coelicooperationa
761 2293 943 2361 inferiorum
966 2313 1028 2355 noa
1047 2305 1091 2357 cat
1111 2314 1273 2372 argumen-

131 2410 196 2463 tum
210 2394 523 2479 eiuainanffieientiae‚
543 2392 703 2473 aedmagia
715 2393 922 2470 auiiicientiae
947 2395 1048 2457 sinon
1058 2393 1143 2459 aliud
1158 2397 1271 2475 obatet3

131 2517 208 2583 curn¹
229 2495 407 2576 praesertim
441 2495 601 2583 auppoaito
631 2495 757 2577 ,influxu
792 2495 910 2574 primae
931 2515 1047 2569 ‚minae
1080 2507 1179 2576 potent
1209 2517 1272 2561 non

130 2619 295 2680 utinquam.
311 2599 432 2687 coelum.
451 2598 537 2667 vicen,
551 2599 694 2678 supplere
724 2584 863 2677 partiarii
875 2666 879 2671 p
891 2599 1007 2677 agentia
1037 2611 1067 2661 et
1094 2599 1138 2661 ita
1165 2618 1273 2680 prope,

130 2702 201 2764 licet
221 2723 284 2769 nan
298 2701 347 2767 ,ita
368 2700 548 2785 propriant
571 2697 667 2775 illud,
688 2720 793 2778 agere:
813 2697 899 2782 quod
921 2700 1053 2776 maxime
1073 2700 1105 2761 in
1126 2702 1274 2779 generatis

132 2824 172 2867 ex
193 2804 428 2883 putrefactione,
453 2824 589 2884 quornm
602 2805 657 2870 ,eol
678 2817 765 2882 pater
784 2816 814 2865 et
835 2815 916 2865 ter-ra
937 2815 1033 2865 mater
1048 2817 1111 2880 eat,
1138 2817 1274 2880 coactare

132 2917 247 2986 pateat,
269 2924 354 2971 aecua
373 2916 475 2965 autem
498 2903 749 2984 degeneratione
770 2904 973 2984 perfectarum
1000 2917 1093 2986 atque
1116 2905 1171 2982 iia,
1187 2927 1275 2988 ‚qnae

131 3009 324 3090 poacentibna
342 3005 503 3079 ‚etordine
522 3021 648 3071 naturae
670 3020 698 3067 et
729 3009 794 3086 lege
810 3019 935 3071 ¹statuta
956 3007 1119 3088 requirnnt
1143 3010 1275 3087 partien-

130 3111 207 3173 laria
227 3111 345 3190 agentia
366 3122 492 3190 propter
512 3108 887 3188 perpetuitatemiapeciei‚
917 3131 979 3190 qna
1007 3111 1106 3188 genita
1128 3131 1275 3188 generan-

131 3213 215 3276 tibna
232 3213 453 3288 aeaimiientur,
471 3212 623 3292 qrtamuia,
643 3223 679 3285 ut
692 3211 858 3283 :Aristoteli
877 3213 990 3291 placet,
1011 3213 1187 3285 communia
1200 3214 1276 3275 coeli

130 3316 354 3385 influentia,.eia
370 3325 555 3384 concurrant,
567 3310 662 3405 laonio
679 3311 831 3395 siqnidem
851 3327 975 3392 generat
997 3315 1153 3387 hominem
1170 3327 1199 3376 et
1218 3317 1275 3389 eoi.

131 3415 408 3484 Verumenimuero
437 3415 513 3479 haec
535 3413 602 3492 ipae
623 3415 761 3492 partiarii
782 3417 898 3495 agentia
918 3417 1094 3481 assimilatio
1117 3437 1180 3478 non
1197 3437 1276 3485 aem·

132 3536 188 3595 per
213 3514 347 3594 requirit
374 3513 580 3579 causalitatem
594 3580 597 3585 ,
611 3515 644 3577 in
660 3517 748 3579 coelo
773 3518 810 3585 ¹ei
835 3516 1005 3600 adaequate
1032 3516 1277 3599 respondentem,

131 3617 227 3678 immo
249 3612 418 3674 communia
436 3609 656 3695 sufficiuntne
685 3627 786 3677 tamen
816 3633 947 3693 aermnae
975 3622 1134 3683 cessabunt
1153 3631 1183 3682 et
1204 3622 1276 3679 reli.

133 3740 212 3801 qnae
231 3718 272 3783 'ab
292 3733 327 3777 ea
342 3712 564 3794 dependenter.
607 3715 667 3787 Sed
688 3718 763 3781 alibi
781 3719 819 3783 de
839 3721 1174 3802 bia‚.;phi10aoplrornm
1194 3719 1276 3785 enim

132 3834 212 3884 aunt.
262 3815 369 3882 Redeo
393 3815 432 3879 ad
462 3819 677 3897 corrdnrinm,
715 3821 747 3881 in
778 3821 863 3904 qnod
894 3841 962 3883 meo
988 3821 1104 3885 iudicio
1134 3844 1277 3904 praecepa

132 3922 259 3985 omnino
280 3934 310 3984 et
331 3919 641 3988 farriam-tacueras.
662 3923 763 3984 -Nam
786 3923 973 3991 etaifalaum
994 3923 1027 3983 in
1048 3943 1081 3985 ae
1101 3926 1151 3997 ait,
1171 3945 1280 3993 verum

132 4022 231 4085 nihilo
251 4024 353 4107 minna
369 4037 402 4089 at
423 4036 528 4087 eontra
547 4037 580 4086 ta
601 4024 795 4102 ceraticum
815 4022 1044 4085 mathematicae
1072 4045 1112 4085 ex
1133 4044 1169 4085 eo
1189 4028 1280 4109 aequi

73 4171 76 4177 -
132 4123 265 4207 ridetur,
285 4127 372 4210 quod
381 4129 461 4193 actio
471 4128 559 4202 coeli,
580 4123 808 4191 aeilicntniata
820 4121 976 4200 inferiora,
995 4145 1057 4188 non
1071 4128 1111 4190 ait
1128 4127 1280 4202 absoluta,

131 4224 186 4292 aad
215 4225 365 4291 duntaxat
392 4226 631 4302 condideritis,
654 4224 714 4298 ita,
747 4223 831 4302 qnod
860 4227 934 4287 haec
963 4227 1096 4294 conditio
1128 4230 1277 4295 actionem
