<?xml version="1.0" encoding="UTF-8"?>
<!DOCTYPE html PUBLIC "-//W3C//DTD XHTML 1.0 Transitional//EN"
    "http://www.w3.org/TR/xhtml1/DTD/xhtml1-transitional.dtd">
<html xmlns="http://www.w3.org/1999/xhtml" xml:lang="en" lang="en">
 <head>
  <title>
</title>
<meta http-equiv="Content-Type" content="text/html;charset=utf-8" />
  <meta name='ocr-system' content='tesseract 3.04.00' />
  <meta name='ocr-capabilities' content='ocr_page ocr_carea ocr_par ocr_line ocrx_word'/>
</head>
<body>
  <div class='ocr_page' id='page_1' title='image "./dieltestenschri00fuchgoog_0322.png"; bbox 0 0 2806 4800; ppageno 0'>
   <div class='ocr_carea' id='block_1_1' title="bbox 629 259 705 334">
    <p class='ocr_par' dir='ltr' id='par_1_1' title="bbox 629 259 705 334">
     <span class='ocr_line' id='line_1_1' title="bbox 629 259 705 334; baseline 0 -3"><span class='ocrx_word' id='word_1_1' title='bbox 629 259 705 334; x_wconf 79' lang='lat'><strong>295</strong></span> 
     </span>
    </p>
   </div>
   <div class='ocr_carea' id='block_1_2' title="bbox 96 443 1230 734">
    <p class='ocr_par' dir='ltr' id='par_1_2' title="bbox 96 443 1230 734">
     <span class='ocr_line' id='line_1_2' title="bbox 115 443 1228 512; baseline 0.004 -5"><span class='ocrx_word' id='word_1_2' title='bbox 115 502 119 507; x_wconf 88' lang='lat'><em>.</em></span> <span class='ocrx_word' id='word_1_3' title='bbox 179 449 254 512; x_wconf 90' lang='lat' dir='ltr'><strong>Dies</strong></span> <span class='ocrx_word' id='word_1_4' title='bbox 270 449 405 510; x_wconf 85' lang='lat' dir='ltr'><strong>lanuerii</strong></span> <span class='ocrx_word' id='word_1_5' title='bbox 425 445 475 507; x_wconf 91' lang='lat' dir='ltr'><strong>die</strong></span> <span class='ocrx_word' id='word_1_6' title='bbox 496 447 551 508; x_wconf 84' lang='lat' dir='ltr'><strong>xt.</strong></span> <span class='ocrx_word' id='word_1_7' title='bbox 572 448 634 508; x_wconf 90' lang='lat' dir='ltr'>XII.</span> <span class='ocrx_word' id='word_1_8' title='bbox 651 443 773 508; x_wconf 84' lang='lat' dir='ltr'><strong>lrumidi</strong></span> <span class='ocrx_word' id='word_1_9' title='bbox 804 489 1228 511; x_wconf 89' lang='grc'><strong>.........</strong></span> 
     </span>
     <span class='ocr_line' id='line_1_3' title="bbox 178 549 1230 630; baseline -0.001 -15"><span class='ocrx_word' id='word_1_10' title='bbox 178 550 538 617; x_wconf 79' lang='lat' dir='ltr'><strong>ConiunctiodieXXIX</strong></span> <span class='ocrx_word' id='word_1_11' title='bbox 557 552 733 614; x_wconf 75' lang='lat' dir='ltr'><strong>Decembris</strong></span> <span class='ocrx_word' id='word_1_12' title='bbox 753 552 832 612; x_wconf 79' lang='lat' dir='ltr'><strong>hore</strong></span> <span class='ocrx_word' id='word_1_13' title='bbox 851 551 950 630; x_wconf 87' lang='lat' dir='ltr'><strong>prime</strong></span> <span class='ocrx_word' id='word_1_14' title='bbox 971 561 1041 630; x_wconf 87' lang='lat' dir='ltr'><strong>poet</strong></span> <span class='ocrx_word' id='word_1_15' title='bbox 1060 549 1230 630; x_wconf 83' lang='lat' dir='ltr'><strong>meridiem,</strong></span> 
     </span>
     <span class='ocr_line' id='line_1_4' title="bbox 96 653 1017 734; baseline -0.005 -15"><span class='ocrx_word' id='word_1_16' title='bbox 96 658 186 719; x_wconf 87' lang='lat' dir='ltr'>XXII</span> <span class='ocrx_word' id='word_1_17' title='bbox 206 655 341 717; x_wconf 85' lang='lat' dir='ltr'><strong>minuto:</strong></span> <span class='ocrx_word' id='word_1_18' title='bbox 364 653 466 715; x_wconf 79' lang='lat' dir='ltr'><strong>variae</strong></span> <span class='ocrx_word' id='word_1_19' title='bbox 488 666 678 734; x_wconf 77' lang='lat' dir='ltr'><strong>tempestates</strong></span> <span class='ocrx_word' id='word_1_20' title='bbox 698 653 779 714; x_wconf 77' lang='lat' dir='ltr'><strong>aeris</strong></span> <span class='ocrx_word' id='word_1_21' title='bbox 797 665 867 714; x_wconf 88' lang='lat' dir='ltr'><strong>ante</strong></span> <span class='ocrx_word' id='word_1_22' title='bbox 889 665 919 714; x_wconf 94' lang='lat' dir='ltr'><strong>et</strong></span> <span class='ocrx_word' id='word_1_23' title='bbox 939 665 1017 732; x_wconf 88' lang='lat' dir='ltr'><strong>post.</strong></span> 
     </span>
    </p>
   </div>
   <div class='ocr_carea' id='block_1_3' title="bbox 154 988 1271 1092">
    <p class='ocr_par' dir='ltr' id='par_1_3' title="bbox 154 988 1271 1092">
     <span class='ocr_line' id='line_1_5' title="bbox 154 988 1271 1092; baseline -0.004 -26"><span class='ocrx_word' id='word_1_24' title='bbox 154 991 328 1092; x_wconf 84' lang='lat' dir='ltr'><strong>Digressio</strong></span> <span class='ocrx_word' id='word_1_25' title='bbox 354 991 397 1076; x_wconf 83' lang='lat' dir='ltr'><strong>‹lc</strong></span> <span class='ocrx_word' id='word_1_26' title='bbox 422 990 562 1080; x_wconf 88' lang='lat' dir='ltr'><strong>morbo,</strong></span> <span class='ocrx_word' id='word_1_27' title='bbox 589 1019 688 1092; x_wconf 87' lang='lat' dir='ltr'><strong>quem</strong></span> <span class='ocrx_word' id='word_1_28' title='bbox 715 991 836 1090; x_wconf 84' lang='lat' dir='ltr'><strong>vulgus</strong></span> <span class='ocrx_word' id='word_1_29' title='bbox 861 989 990 1064; x_wconf 83' lang='lat' dir='ltr'><strong>Melum</strong></span> <span class='ocrx_word' id='word_1_30' title='bbox 1018 988 1182 1063; x_wconf 82' lang='lat' dir='ltr'><strong>Franciae</strong></span> <span class='ocrx_word' id='word_1_31' title='bbox 1265 1010 1271 1025; x_wconf 75' lang='lat'><strong>¹</strong></span> 
     </span>
    </p>
   </div>
   <div class='ocr_carea' id='block_1_4' title="bbox 591 1098 748 1213">
    <p class='ocr_par' dir='ltr' id='par_1_4' title="bbox 591 1098 881 1221">
     <span class='ocr_line' id='line_1_6' title="bbox 591 1098 748 1213; baseline 0.003 -31"><span class='ocrx_word' id='word_1_32' title='bbox 591 1098 748 1213; x_wconf 77' lang='lat' dir='ltr'><strong>appellet.</strong></span> 
     </span>
    </p>
   </div>
   <div class='ocr_carea' id='block_1_5' title="bbox 45 1248 1237 4447">
    <p class='ocr_par' dir='ltr' id='par_1_5' title="bbox 45 1248 1237 4447">
     <span class='ocr_line' id='line_1_7' title="bbox 180 1248 1233 1351; baseline -0.007 -21"><span class='ocrx_word' id='word_1_33' title='bbox 180 1270 229 1330; x_wconf 82' lang='lat' dir='ltr'><strong>Ex-</strong></span> <span class='ocrx_word' id='word_1_34' title='bbox 241 1289 305 1351; x_wconf 92' lang='lat' dir='ltr'><strong>quo</strong></span> <span class='ocrx_word' id='word_1_35' title='bbox 327 1266 493 1329; x_wconf 84' lang='lat' dir='ltr'><strong>slemorbo</strong></span> <span class='ocrx_word' id='word_1_36' title='bbox 510 1248 622 1346; x_wconf 87' lang='lat' dir='ltr'><strong>gallico</strong></span> <span class='ocrx_word' id='word_1_37' title='bbox 642 1268 827 1331; x_wconf 70' lang='lat' dir='ltr'><strong>mentionem</strong></span> <span class='ocrx_word' id='word_1_38' title='bbox 848 1267 973 1345; x_wconf 75' lang='lat' dir='ltr'><strong>fecimus</strong></span> <span class='ocrx_word' id='word_1_39' title='bbox 985 1265 1149 1345; x_wconf 84' lang='lat' dir='ltr'><strong>ipsumque</strong></span> <span class='ocrx_word' id='word_1_40' title='bbox 1170 1283 1233 1324; x_wconf 86' lang='lat' dir='ltr'><strong>sce·</strong></span> 
     </span>
     <span class='ocr_line' id='line_1_8' title="bbox 96 1365 1235 1450; baseline -0.005 -18"><span class='ocrx_word' id='word_1_41' title='bbox 96 1371 177 1432; x_wconf 87' lang='lat' dir='ltr'><strong>biem</strong></span> <span class='ocrx_word' id='word_1_42' title='bbox 190 1367 396 1446; x_wconf 78' lang='lat' dir='ltr'><strong>horrendem,</strong></span> <span class='ocrx_word' id='word_1_43' title='bbox 418 1372 605 1450; x_wconf 80' lang='lat' dir='ltr'><strong>pustulosam</strong></span> <span class='ocrx_word' id='word_1_44' title='bbox 628 1384 658 1434; x_wconf 87' lang='lat' dir='ltr'><strong>et</strong></span> <span class='ocrx_word' id='word_1_45' title='bbox 676 1389 859 1435; x_wconf 77' lang='lat' dir='ltr'><strong>venenosam</strong></span> <span class='ocrx_word' id='word_1_46' title='bbox 879 1366 1120 1440; x_wconf 81' lang='lat' dir='ltr'><strong>nominavimus,</strong></span> <span class='ocrx_word' id='word_1_47' title='bbox 1148 1365 1235 1426; x_wconf 89' lang='lat' dir='ltr'><strong>iuxta</strong></span> 
     </span>
     <span class='ocr_line' id='line_1_9' title="bbox 94 1467 1234 1551; baseline -0.008 -13"><span class='ocrx_word' id='word_1_48' title='bbox 94 1475 173 1538; x_wconf 90' lang='lat' dir='ltr'><strong>illud</strong></span> <span class='ocrx_word' id='word_1_49' title='bbox 194 1473 426 1538; x_wconf 90' lang='lat' dir='ltr'><strong>Deuteronomii</strong></span> <span class='ocrx_word' id='word_1_50' title='bbox 450 1474 602 1536; x_wconf 82' lang='lat' dir='ltr'>XXVIII:</span> <span class='ocrx_word' id='word_1_51' title='bbox 630 1473 828 1551; x_wconf 86' lang='lat' dir='ltr'><strong>„Percutiam</strong></span> <span class='ocrx_word' id='word_1_52' title='bbox 856 1484 888 1535; x_wconf 90' lang='lat' dir='ltr'><strong>ts</strong></span> <span class='ocrx_word' id='word_1_53' title='bbox 906 1470 1006 1533; x_wconf 77' lang='lat' dir='ltr'><strong>scabie</strong></span> <span class='ocrx_word' id='word_1_54' title='bbox 1027 1480 1056 1530; x_wconf 91' lang='lat' dir='ltr'><strong>et</strong></span> <span class='ocrx_word' id='word_1_55' title='bbox 1077 1467 1234 1550; x_wconf 75' lang='lat' dir='ltr'><strong>prurigine</strong></span> 
     </span>
     <span class='ocr_line' id='line_1_10' title="bbox 96 1569 1234 1658; baseline -0.009 -15"><span class='ocrx_word' id='word_1_56' title='bbox 96 1582 157 1657; x_wconf 85' lang='lat' dir='ltr'><strong>ite,</strong></span> <span class='ocrx_word' id='word_1_57' title='bbox 176 1576 219 1642; x_wconf 67' lang='lat' dir='ltr'><strong>¹ut</strong></span> <span class='ocrx_word' id='word_1_58' title='bbox 237 1577 338 1640; x_wconf 82' lang='lat' dir='ltr'><strong>curari</strong></span> <span class='ocrx_word' id='word_1_59' title='bbox 355 1577 512 1658; x_wconf 88' lang='lat' dir='ltr'><strong>nequeas”</strong></span> <span class='ocrx_word' id='word_1_60' title='bbox 537 1589 566 1638; x_wconf 89' lang='lat' dir='ltr'><strong>et</strong></span> <span class='ocrx_word' id='word_1_61' title='bbox 586 1577 682 1641; x_wconf 83' lang='lat' dir='ltr'><strong>infre:</strong></span> <span class='ocrx_word' id='word_1_62' title='bbox 719 1575 894 1653; x_wconf 85' lang='lat' dir='ltr'><strong>„Percutiet</strong></span> <span class='ocrx_word' id='word_1_63' title='bbox 914 1587 944 1636; x_wconf 87' lang='lat' dir='ltr'><strong>te</strong></span> <span class='ocrx_word' id='word_1_64' title='bbox 966 1569 1109 1635; x_wconf 89' lang='lat' dir='ltr'><strong>dominus</strong></span> <span class='ocrx_word' id='word_1_65' title='bbox 1133 1572 1234 1633; x_wconf 86' lang='lat' dir='ltr'><strong>ulcere</strong></span> 
     </span>
     <span class='ocr_line' id='line_1_11' title="bbox 97 1675 1234 1763; baseline -0.009 -18"><span class='ocrx_word' id='word_1_66' title='bbox 97 1682 227 1763; x_wconf 89' lang='lat' dir='ltr'><strong>pessimo</strong></span> <span class='ocrx_word' id='word_1_67' title='bbox 248 1683 281 1743; x_wconf 91' lang='lat' dir='ltr'><strong>in</strong></span> <span class='ocrx_word' id='word_1_68' title='bbox 301 1679 429 1758; x_wconf 81' lang='lat' dir='ltr'><strong>genibus</strong></span> <span class='ocrx_word' id='word_1_69' title='bbox 450 1680 533 1743; x_wconf 89' lang='lat' dir='ltr'><strong>etin</strong></span> <span class='ocrx_word' id='word_1_70' title='bbox 554 1682 634 1743; x_wconf 90' lang='lat' dir='ltr'><strong>suris</strong></span> <span class='ocrx_word' id='word_1_71' title='bbox 654 1703 673 1741; x_wconf 89' lang='lat' dir='ltr'><strong>e</strong></span> <span class='ocrx_word' id='word_1_72' title='bbox 693 1684 797 1762; x_wconf 84' lang='lat' dir='ltr'><strong>planta</strong></span> <span class='ocrx_word' id='word_1_73' title='bbox 817 1678 904 1760; x_wconf 87' lang='lat' dir='ltr'><strong>pedis</strong></span> <span class='ocrx_word' id='word_1_74' title='bbox 918 1698 1017 1760; x_wconf 90' lang='lat' dir='ltr'><strong>usque</strong></span> <span class='ocrx_word' id='word_1_75' title='bbox 1037 1675 1076 1741; x_wconf 81' lang='lat' dir='ltr'><strong>ad</strong></span> <span class='ocrx_word' id='word_1_76' title='bbox 1092 1677 1234 1738; x_wconf 89' lang='lat' dir='ltr'><strong>verticem</strong></span> 
     </span>
     <span class='ocr_line' id='line_1_12' title="bbox 97 1777 1235 1866; baseline -0.008 -20"><span class='ocrx_word' id='word_1_77' title='bbox 97 1784 204 1863; x_wconf 90' lang='lat' dir='ltr'><strong>eapitis</strong></span> <span class='ocrx_word' id='word_1_78' title='bbox 222 1784 281 1858; x_wconf 85' lang='lat' dir='ltr'><strong>ita,</strong></span> <span class='ocrx_word' id='word_1_79' title='bbox 302 1795 336 1843; x_wconf 94' lang='lat' dir='ltr'><strong>ut</strong></span> <span class='ocrx_word' id='word_1_80' title='bbox 357 1782 458 1843; x_wconf 87' lang='lat' dir='ltr'><strong>senari</strong></span> <span class='ocrx_word' id='word_1_81' title='bbox 477 1803 542 1845; x_wconf 90' lang='lat' dir='ltr'><strong>non</strong></span> <span class='ocrx_word' id='word_1_82' title='bbox 559 1785 693 1865; x_wconf 87' lang='lat' dir='ltr'><strong>possis,”.</strong></span> <span class='ocrx_word' id='word_1_83' title='bbox 719 1786 824 1866; x_wconf 87' lang='lat' dir='ltr'><strong>itaqua</strong></span> <span class='ocrx_word' id='word_1_84' title='bbox 841 1804 957 1864; x_wconf 77' lang='lat' dir='ltr'><strong>,perum</strong></span> <span class='ocrx_word' id='word_1_85' title='bbox 987 1793 1073 1843; x_wconf 85' lang='lat' dir='ltr'><strong>extre</strong></span> <span class='ocrx_word' id='word_1_86' title='bbox 1094 1777 1235 1860; x_wconf 49' lang='lat' dir='ltr'><strong>proposi*</strong></span> 
     </span>
     <span class='ocr_line' id='line_1_13' title="bbox 97 1881 1235 1968; baseline -0.004 -20"><span class='ocrx_word' id='word_1_87' title='bbox 97 1900 164 1949; x_wconf 89' lang='lat' dir='ltr'><strong>tum</strong></span> <span class='ocrx_word' id='word_1_88' title='bbox 185 1881 396 1963; x_wconf 79' lang='lat' dir='ltr'><strong>disgrediendo</strong></span> <span class='ocrx_word' id='word_1_89' title='bbox 410 1882 465 1944; x_wconf 88' lang='lat' dir='ltr'><strong>de</strong></span> <span class='ocrx_word' id='word_1_90' title='bbox 479 1886 546 1963; x_wconf 92' lang='lat' dir='ltr'><strong>ipso</strong></span> <span class='ocrx_word' id='word_1_91' title='bbox 567 1886 700 1947; x_wconf 87' lang='lat' dir='ltr'><strong>breviter</strong></span> <span class='ocrx_word' id='word_1_92' title='bbox 718 1884 1028 1968; x_wconf 81' lang='lat' dir='ltr'><strong>eliquidloquemur3</strong></span> <span class='ocrx_word' id='word_1_93' title='bbox 1050 1883 1184 1963; x_wconf 91' lang='lat' dir='ltr'><strong>primum</strong></span> <span class='ocrx_word' id='word_1_94' title='bbox 1200 1892 1235 1943; x_wconf 91' lang='lat' dir='ltr'><strong>ut</strong></span> 
     </span>
     <span class='ocr_line' id='line_1_14' title="bbox 97 1983 1235 2068; baseline -0.007 -17"><span class='ocrx_word' id='word_1_95' title='bbox 97 1989 282 2065; x_wconf 79' lang='lat' dir='ltr'><strong>astrologus,</strong></span> <span class='ocrx_word' id='word_1_96' title='bbox 311 1983 421 2047; x_wconf 90' lang='lat' dir='ltr'><strong>dehinc</strong></span> <span class='ocrx_word' id='word_1_97' title='bbox 451 1997 495 2046; x_wconf 90' lang='lat' dir='ltr'><strong>ut·</strong></span> <span class='ocrx_word' id='word_1_98' title='bbox 512 1983 672 2047; x_wconf 76' lang='lat' dir='ltr'><strong>medicus:</strong></span> <span class='ocrx_word' id='word_1_99' title='bbox 703 1987 856 2066; x_wconf 81' lang='lat' dir='ltr'><strong>Apparuit</strong></span> <span class='ocrx_word' id='word_1_100' title='bbox 882 1985 1007 2068; x_wconf 88' lang='lat' dir='ltr'><strong>quidem</strong></span> <span class='ocrx_word' id='word_1_101' title='bbox 1028 2005 1109 2046; x_wconf 89' lang='lat' dir='ltr'><strong>enno</strong></span> <span class='ocrx_word' id='word_1_102' title='bbox 1130 1983 1235 2046; x_wconf 89' lang='lat' dir='ltr'><strong>salutis</strong></span> 
     </span>
     <span class='ocr_line' id='line_1_15' title="bbox 99 2085 1234 2166; baseline -0.004 -12"><span class='ocrx_word' id='word_1_103' title='bbox 99 2096 184 2155; x_wconf 85' lang='lat'>1484</span> <span class='ocrx_word' id='word_1_104' title='bbox 205 2089 256 2153; x_wconf 90' lang='lat' dir='ltr'><strong>die</strong></span> <span class='ocrx_word' id='word_1_105' title='bbox 275 2089 380 2151; x_wconf 85' lang='lat' dir='ltr'><strong>XXV.</strong></span> <span class='ocrx_word' id='word_1_106' title='bbox 400 2109 504 2151; x_wconf 88' lang='lat' dir='ltr'><strong>mense</strong></span> <span class='ocrx_word' id='word_1_107' title='bbox 524 2086 664 2153; x_wconf 80' lang='lat' dir='ltr'><strong>Octobris</strong></span> <span class='ocrx_word' id='word_1_108' title='bbox 677 2134 680 2139; x_wconf 84' lang='lat'>-</span> <span class='ocrx_word' id='word_1_109' title='bbox 692 2088 862 2153; x_wconf 89' lang='lat' dir='ltr'><strong>coniunctio</strong></span> <span class='ocrx_word' id='word_1_110' title='bbox 886 2109 996 2166; x_wconf 87' lang='lat' dir='ltr'><strong>magne</strong></span> <span class='ocrx_word' id='word_1_111' title='bbox 1014 2089 1099 2148; x_wconf 76' lang='lat' dir='ltr'><strong>lovis</strong></span> <span class='ocrx_word' id='word_1_112' title='bbox 1126 2098 1155 2147; x_wconf 91' lang='lat' dir='ltr'><strong>et</strong></span> <span class='ocrx_word' id='word_1_113' title='bbox 1175 2085 1234 2149; x_wconf 74' lang='lat' dir='ltr'><strong>St·</strong></span> 
     </span>
     <span class='ocr_line' id='line_1_16' title="bbox 98 2187 1234 2270; baseline -0.004 -11"><span class='ocrx_word' id='word_1_114' title='bbox 98 2217 211 2270; x_wconf 76' lang='lat' dir='ltr'><strong>ruunt,</strong></span> <span class='ocrx_word' id='word_1_115' title='bbox 242 2205 272 2256; x_wconf 88' lang='lat' dir='ltr'><strong>et</strong></span> <span class='ocrx_word' id='word_1_116' title='bbox 296 2194 389 2259; x_wconf 74' lang='lat' dir='ltr'><strong>Meas</strong></span> <span class='ocrx_word' id='word_1_117' title='bbox 414 2193 476 2254; x_wconf 82' lang='lat' dir='ltr'><strong>tuit</strong></span> <span class='ocrx_word' id='word_1_118' title='bbox 497 2191 639 2259; x_wconf 90' lang='lat' dir='ltr'><strong>dominus</strong></span> <span class='ocrx_word' id='word_1_119' title='bbox 665 2192 886 2258; x_wconf 86' lang='lat' dir='ltr'><strong>coniunctionis</strong></span> <span class='ocrx_word' id='word_1_120' title='bbox 906 2206 935 2256; x_wconf 91' lang='lat' dir='ltr'><strong>et</strong></span> <span class='ocrx_word' id='word_1_121' title='bbox 956 2194 1144 2270; x_wconf 85' lang='lat' dir='ltr'><strong>horoscopus</strong></span> <span class='ocrx_word' id='word_1_122' title='bbox 1169 2187 1234 2255; x_wconf 82' lang='lat' dir='ltr'><strong>siut</strong></span> 
     </span>
     <span class='ocr_line' id='line_1_17' title="bbox 97 2294 1236 2378; baseline -0.007 -18"><span class='ocrx_word' id='word_1_123' title='bbox 97 2296 229 2378; x_wconf 85' lang='lat' dir='ltr'><strong>scorpio:</strong></span> <span class='ocrx_word' id='word_1_124' title='bbox 259 2309 365 2377; x_wconf 87' lang='lat' dir='ltr'><strong>postea</strong></span> <span class='ocrx_word' id='word_1_125' title='bbox 383 2297 478 2359; x_wconf 71' lang='lat' dir='ltr'><strong>Mens</strong></span> <span class='ocrx_word' id='word_1_126' title='bbox 505 2295 545 2358; x_wconf 86' lang='lat' dir='ltr'><strong>ed</strong></span> <span class='ocrx_word' id='word_1_127' title='bbox 565 2298 737 2361; x_wconf 69' lang='lat' dir='ltr'><strong>Serranum</strong></span> <span class='ocrx_word' id='word_1_128' title='bbox 758 2316 887 2378; x_wconf 82' lang='lat' dir='ltr'><strong>pergens</strong></span> <span class='ocrx_word' id='word_1_129' title='bbox 908 2297 968 2359; x_wconf 87' lang='lat' dir='ltr'><strong>eibi</strong></span> <span class='ocrx_word' id='word_1_130' title='bbox 995 2294 1236 2374; x_wconf 88' lang='lat' dir='ltr'><strong>coniungebatur</strong></span> 
     </span>
     <span class='ocr_line' id='line_1_18' title="bbox 98 2394 1235 2480; baseline -0.004 -19"><span class='ocrx_word' id='word_1_131' title='bbox 98 2402 131 2461; x_wconf 89' lang='lat' dir='ltr'><strong>in</strong></span> <span class='ocrx_word' id='word_1_132' title='bbox 151 2397 328 2478; x_wconf 87' lang='lat' dir='ltr'><strong>scorpione,</strong></span> <span class='ocrx_word' id='word_1_133' title='bbox 348 2418 438 2478; x_wconf 85' lang='lat' dir='ltr'><strong>saepe</strong></span> <span class='ocrx_word' id='word_1_134' title='bbox 458 2395 634 2461; x_wconf 80' lang='lat' dir='ltr'><strong>ascendente</strong></span> <span class='ocrx_word' id='word_1_135' title='bbox 655 2419 777 2475; x_wconf 86' lang='lat' dir='ltr'><strong>cancro,</strong></span> <span class='ocrx_word' id='word_1_136' title='bbox 809 2396 894 2480; x_wconf 88' lang='lat' dir='ltr'><strong>quod</strong></span> <span class='ocrx_word' id='word_1_137' title='bbox 915 2396 1078 2461; x_wconf 79' lang='lat' dir='ltr'><strong>ascendens</strong></span> <span class='ocrx_word' id='word_1_138' title='bbox 1097 2394 1235 2458; x_wconf 88' lang='lat' dir='ltr'><strong>universi</strong></span> 
     </span>
     <span class='ocr_line' id='line_1_19' title="bbox 96 2499 1235 2583; baseline 0.002 -19"><span class='ocrx_word' id='word_1_139' title='bbox 96 2499 206 2564; x_wconf 91' lang='lat' dir='ltr'><strong>mundi</strong></span> <span class='ocrx_word' id='word_1_140' title='bbox 228 2513 375 2564; x_wconf 82' lang='lat' dir='ltr'><strong>censetur.</strong></span> <span class='ocrx_word' id='word_1_141' title='bbox 422 2499 513 2564; x_wconf 85' lang='lat' dir='ltr'><strong>Unde</strong></span> <span class='ocrx_word' id='word_1_142' title='bbox 532 2503 569 2565; x_wconf 77' lang='lat' dir='ltr'><strong>,is</strong></span> <span class='ocrx_word' id='word_1_143' title='bbox 598 2503 727 2565; x_wconf 91' lang='lat' dir='ltr'><strong>morbus·</strong></span> <span class='ocrx_word' id='word_1_144' title='bbox 743 2502 884 2583; x_wconf 88' lang='lat' dir='ltr'><strong>primitus</strong></span> <span class='ocrx_word' id='word_1_145' title='bbox 910 2504 950 2565; x_wconf 86' lang='lat' dir='ltr'><strong>eb</strong></span> <span class='ocrx_word' id='word_1_146' title='bbox 977 2501 1094 2575; x_wconf 84' lang='lat' dir='ltr'><strong>ultimis</strong></span> <span class='ocrx_word' id='word_1_147' title='bbox 1121 2501 1235 2566; x_wconf 81' lang='lat' dir='ltr'><strong>finibus</strong></span> 
     </span>
     <span class='ocr_line' id='line_1_20' title="bbox 96 2603 1234 2687; baseline 0 -19"><span class='ocrx_word' id='word_1_148' title='bbox 96 2603 217 2681; x_wconf 85' lang='lat' dir='ltr'><strong>mundi,</strong></span> <span class='ocrx_word' id='word_1_149' title='bbox 234 2617 313 2685; x_wconf 75' lang='lat' dir='ltr'><strong>:puta</strong></span> <span class='ocrx_word' id='word_1_150' title='bbox 332 2604 371 2664; x_wconf 86' lang='lat' dir='ltr'><strong>eb</strong></span> <span class='ocrx_word' id='word_1_151' title='bbox 393 2605 456 2667; x_wconf 92' lang='lat' dir='ltr'><strong>oris</strong></span> <span class='ocrx_word' id='word_1_152' title='bbox 464 2606 639 2686; x_wconf 86' lang='lat' dir='ltr'><strong>Hispaniae,</strong></span> <span class='ocrx_word' id='word_1_153' title='bbox 659 2606 773 2686; x_wconf 82' lang='lat' dir='ltr'><strong>incepit</strong></span> <span class='ocrx_word' id='word_1_154' title='bbox 785 2627 892 2687; x_wconf 81' lang='lat' dir='ltr'><strong>usque</strong></span> <span class='ocrx_word' id='word_1_155' title='bbox 913 2626 968 2685; x_wconf 89' lang='lat' dir='ltr'><strong>per</strong></span> <span class='ocrx_word' id='word_1_156' title='bbox 990 2617 1089 2666; x_wconf 87' lang='lat' dir='ltr'><strong>totum</strong></span> <span class='ocrx_word' id='word_1_157' title='bbox 1110 2605 1234 2667; x_wconf 81' lang='lat' dir='ltr'><strong>univer·</strong></span> 
     </span>
     <span class='ocr_line' id='line_1_21' title="bbox 98 2706 1234 2790; baseline -0.005 -17"><span class='ocrx_word' id='word_1_158' title='bbox 98 2730 167 2773; x_wconf 88' lang='lat' dir='ltr'><strong>sum</strong></span> <span class='ocrx_word' id='word_1_159' title='bbox 188 2706 337 2769; x_wconf 91' lang='lat' dir='ltr'><strong>mundum</strong></span> <span class='ocrx_word' id='word_1_160' title='bbox 352 2727 483 2786; x_wconf 82' lang='lat' dir='ltr'><strong>serpere,</strong></span> <span class='ocrx_word' id='word_1_161' title='bbox 503 2709 705 2790; x_wconf 88' lang='lat' dir='ltr'><strong>hominesque</strong></span> <span class='ocrx_word' id='word_1_162' title='bbox 719 2709 879 2768; x_wconf 73' lang='lat' dir='ltr'><strong>molestare</strong></span> <span class='ocrx_word' id='word_1_163' title='bbox 894 2706 1011 2785; x_wconf 89' lang='lat' dir='ltr'><strong>ingenti</strong></span> <span class='ocrx_word' id='word_1_164' title='bbox 1025 2706 1168 2782; x_wconf 87' lang='lat' dir='ltr'><strong>cruciatu,</strong></span> <span class='ocrx_word' id='word_1_165' title='bbox 1190 2706 1234 2767; x_wconf 86' lang='lat' dir='ltr'><strong>ite</strong></span> 
     </span>
     <span class='ocr_line' id='line_1_22' title="bbox 98 2806 1233 2896; baseline -0.003 -21"><span class='ocrx_word' id='word_1_166' title='bbox 98 2811 184 2896; x_wconf 91' lang='lat' dir='ltr'><strong>quod</strong></span> <span class='ocrx_word' id='word_1_167' title='bbox 203 2831 301 2890; x_wconf 91' lang='lat' dir='ltr'><strong>usque</strong></span> <span class='ocrx_word' id='word_1_168' title='bbox 328 2807 420 2871; x_wconf 90' lang='lat' dir='ltr'><strong>modo</strong></span> <span class='ocrx_word' id='word_1_169' title='bbox 443 2807 566 2872; x_wconf 85' lang='lat' dir='ltr'><strong>videtur</strong></span> <span class='ocrx_word' id='word_1_170' title='bbox 593 2806 792 2889; x_wconf 88' lang='lat' dir='ltr'><strong>depopulesee</strong></span> <span class='ocrx_word' id='word_1_171' title='bbox 822 2821 851 2870; x_wconf 92' lang='lat' dir='ltr'><strong>et</strong></span> <span class='ocrx_word' id='word_1_172' title='bbox 873 2830 1047 2890; x_wconf 85' lang='lat' dir='ltr'><strong>peragrasse</strong></span> <span class='ocrx_word' id='word_1_173' title='bbox 1068 2820 1233 2890; x_wconf 85' lang='lat' dir='ltr'><strong>utrumque</strong></span> 
     </span>
     <span class='ocr_line' id='line_1_23' title="bbox 98 2911 1234 2996; baseline -0.004 -20"><span class='ocrx_word' id='word_1_174' title='bbox 98 2918 215 2996; x_wconf 88' lang='lat' dir='ltr'><strong>polum.</strong></span> <span class='ocrx_word' id='word_1_175' title='bbox 257 2915 295 2975; x_wconf 87' lang='lat' dir='ltr'><strong>Et</strong></span> <span class='ocrx_word' id='word_1_176' title='bbox 305 2914 439 2993; x_wconf 89' lang='lat' dir='ltr'><strong>primum</strong></span> <span class='ocrx_word' id='word_1_177' title='bbox 458 2913 491 2973; x_wconf 91' lang='lat' dir='ltr'><strong>in</strong></span> <span class='ocrx_word' id='word_1_178' title='bbox 502 2914 657 2977; x_wconf 88' lang='lat' dir='ltr'><strong>obscoenis</strong></span> <span class='ocrx_word' id='word_1_179' title='bbox 677 2914 816 2995; x_wconf 86' lang='lat' dir='ltr'><strong>pertibus</strong></span> <span class='ocrx_word' id='word_1_180' title='bbox 828 2911 990 2994; x_wconf 86' lang='lat' dir='ltr'><strong>pudendis,</strong></span> <span class='ocrx_word' id='word_1_181' title='bbox 1003 2911 1143 2976; x_wconf 86' lang='lat' dir='ltr'><strong>videlicet</strong></span> <span class='ocrx_word' id='word_1_182' title='bbox 1154 2930 1234 2993; x_wconf 83' lang='lat' dir='ltr'><strong>quse</strong></span> 
     </span>
     <span class='ocr_line' id='line_1_24' title="bbox 98 3014 1233 3102; baseline -0.01 -18"><span class='ocrx_word' id='word_1_183' title='bbox 98 3018 253 3102; x_wconf 89' lang='lat' dir='ltr'><strong>scorpioni</strong></span> <span class='ocrx_word' id='word_1_184' title='bbox 265 3016 403 3093; x_wconf 71' lang='lat' dir='ltr'><strong>astinem,</strong></span> <span class='ocrx_word' id='word_1_185' title='bbox 424 3017 587 3080; x_wconf 85' lang='lat' dir='ltr'><strong>oriebatur.</strong></span> <span class='ocrx_word' id='word_1_186' title='bbox 630 3014 711 3092; x_wconf 82' lang='lat' dir='ltr'><strong>Quia</strong></span> <span class='ocrx_word' id='word_1_187' title='bbox 722 3018 825 3098; x_wconf 84' lang='lat' dir='ltr'><strong>itaque</strong></span> <span class='ocrx_word' id='word_1_188' title='bbox 844 3017 939 3077; x_wconf 74' lang='lat' dir='ltr'><strong>Mnus</strong></span> <span class='ocrx_word' id='word_1_189' title='bbox 956 3029 986 3077; x_wconf 89' lang='lat' dir='ltr'><strong>ct</strong></span> <span class='ocrx_word' id='word_1_190' title='bbox 1001 3015 1163 3078; x_wconf 70' lang='lat' dir='ltr'><strong>Strenuus</strong></span> <span class='ocrx_word' id='word_1_191' title='bbox 1176 3032 1233 3092; x_wconf 82' lang='lat' dir='ltr'><strong>per</strong></span> 
     </span>
     <span class='ocr_line' id='line_1_25' title="bbox 98 3115 1234 3203; baseline -0.009 -15"><span class='ocrx_word' id='word_1_192' title='bbox 98 3138 197 3188; x_wconf 87' lang='lat' dir='ltr'><strong>totum</strong></span> <span class='ocrx_word' id='word_1_193' title='bbox 217 3125 290 3186; x_wconf 86' lang='lat' dir='ltr'><strong>anni</strong></span> <span class='ocrx_word' id='word_1_194' title='bbox 310 3123 457 3186; x_wconf 85' lang='lat' dir='ltr'><strong>currentis</strong></span> <span class='ocrx_word' id='word_1_195' title='bbox 476 3124 660 3203; x_wconf 91' lang='lat' dir='ltr'><strong>principium</strong></span> <span class='ocrx_word' id='word_1_196' title='bbox 681 3123 716 3183; x_wconf 91' lang='lat' dir='ltr'><strong>in</strong></span> <span class='ocrx_word' id='word_1_197' title='bbox 735 3123 855 3200; x_wconf 83' lang='lat' dir='ltr'><strong>trigono</strong></span> <span class='ocrx_word' id='word_1_198' title='bbox 877 3119 1006 3182; x_wconf 88' lang='lat' dir='ltr'><strong>humido</strong></span> <span class='ocrx_word' id='word_1_199' title='bbox 1034 3132 1064 3182; x_wconf 90' lang='lat' dir='ltr'><strong>et</strong></span> <span class='ocrx_word' id='word_1_200' title='bbox 1085 3115 1183 3180; x_wconf 87' lang='lat' dir='ltr'><strong>calido</strong></span> <span class='ocrx_word' id='word_1_201' title='bbox 1203 3129 1234 3179; x_wconf 92' lang='lat' dir='ltr'><strong>et</strong></span> 
     </span>
     <span class='ocr_line' id='line_1_26' title="bbox 45 3221 1233 3313; baseline -0.009 -22"><span class='ocrx_word' id='word_1_202' title='bbox 45 3297 56 3313; x_wconf 42' lang='grc'>,</span> <span class='ocrx_word' id='word_1_203' title='bbox 98 3231 133 3290; x_wconf 88' lang='lat' dir='ltr'><strong>in</strong></span> <span class='ocrx_word' id='word_1_204' title='bbox 147 3229 235 3308; x_wconf 90' lang='lat' dir='ltr'><strong>signo</strong></span> <span class='ocrx_word' id='word_1_205' title='bbox 255 3230 391 3289; x_wconf 89' lang='lat' dir='ltr'><strong>humano</strong></span> <span class='ocrx_word' id='word_1_206' title='bbox 407 3247 439 3288; x_wconf 92' lang='lat' dir='ltr'><strong>se</strong></span> <span class='ocrx_word' id='word_1_207' title='bbox 457 3237 695 3307; x_wconf 89' lang='lat' dir='ltr'><strong>consequuntur,</strong></span> <span class='ocrx_word' id='word_1_208' title='bbox 714 3223 884 3286; x_wconf 89' lang='lat' dir='ltr'><strong>timendum</strong></span> <span class='ocrx_word' id='word_1_209' title='bbox 905 3237 959 3301; x_wconf 89' lang='lat' dir='ltr'><strong>est,</strong></span> <span class='ocrx_word' id='word_1_210' title='bbox 977 3225 1079 3304; x_wconf 91' lang='lat' dir='ltr'><strong>ipsum</strong></span> <span class='ocrx_word' id='word_1_211' title='bbox 1089 3221 1233 3283; x_wconf 89' lang='lat' dir='ltr'><strong>morbum</strong></span> 
     </span>
     <span class='ocr_line' id='line_1_27' title="bbox 98 3323 1234 3412; baseline -0.01 -20"><span class='ocrx_word' id='word_1_212' title='bbox 98 3332 240 3412; x_wconf 76' lang='lat' dir='ltr'><strong>gallicum</strong></span> <span class='ocrx_word' id='word_1_213' title='bbox 260 3331 320 3390; x_wconf 90' lang='lat' dir='ltr'><strong>hoe</strong></span> <span class='ocrx_word' id='word_1_214' title='bbox 340 3348 420 3389; x_wconf 87' lang='lat' dir='ltr'><strong>anno</strong></span> <span class='ocrx_word' id='word_1_215' title='bbox 442 3348 504 3389; x_wconf 94' lang='lat' dir='ltr'><strong>non</strong></span> <span class='ocrx_word' id='word_1_216' title='bbox 528 3326 680 3403; x_wconf 90' lang='lat' dir='ltr'><strong>delitesci,</strong></span> <span class='ocrx_word' id='word_1_217' title='bbox 710 3323 765 3388; x_wconf 89' lang='lat' dir='ltr'><strong>sed</strong></span> <span class='ocrx_word' id='word_1_218' title='bbox 787 3323 824 3388; x_wconf 92' lang='lat' dir='ltr'><strong>de</strong></span> <span class='ocrx_word' id='word_1_219' title='bbox 844 3346 926 3388; x_wconf 85' lang='lat' dir='ltr'><strong>novo</strong></span> <span class='ocrx_word' id='word_1_220' title='bbox 946 3327 1102 3401; x_wconf 81' lang='lat' dir='ltr'><strong>homines,</strong></span> <span class='ocrx_word' id='word_1_221' title='bbox 1123 3323 1234 3385; x_wconf 90' lang='lat' dir='ltr'><strong>sinon</strong></span> 
     </span>
     <span class='ocr_line' id='line_1_28' title="bbox 99 3428 1233 3509; baseline -0.004 -15"><span class='ocrx_word' id='word_1_222' title='bbox 99 3433 142 3495; x_wconf 84' lang='lat' dir='ltr'><strong>ite</strong></span> <span class='ocrx_word' id='word_1_223' title='bbox 163 3430 361 3493; x_wconf 87' lang='lat' dir='ltr'><strong>communiter</strong></span> <span class='ocrx_word' id='word_1_224' title='bbox 382 3441 417 3490; x_wconf 93' lang='lat' dir='ltr'><strong>ut</strong></span> <span class='ocrx_word' id='word_1_225' title='bbox 436 3428 541 3509; x_wconf 90' lang='lat' dir='ltr'><strong>prius,</strong></span> <span class='ocrx_word' id='word_1_226' title='bbox 561 3440 661 3490; x_wconf 87' lang='lat' dir='ltr'><strong>temen</strong></span> <span class='ocrx_word' id='word_1_227' title='bbox 684 3429 882 3491; x_wconf 88' lang='lat' dir='ltr'><strong>truculentius</strong></span> <span class='ocrx_word' id='word_1_228' title='bbox 903 3441 934 3491; x_wconf 89' lang='lat' dir='ltr'><strong>et</strong></span> <span class='ocrx_word' id='word_1_229' title='bbox 954 3429 1078 3505; x_wconf 89' lang='lat' dir='ltr'><strong>fortius,</strong></span> <span class='ocrx_word' id='word_1_230' title='bbox 1105 3448 1161 3495; x_wconf 82' lang='lat' dir='ltr'><strong>sua</strong></span> <span class='ocrx_word' id='word_1_231' title='bbox 1180 3446 1233 3489; x_wconf 80' lang='lat' dir='ltr'><strong>re.-</strong></span> 
     </span>
     <span class='ocr_line' id='line_1_29' title="bbox 98 3528 1233 3616; baseline -0.006 -18"><span class='ocrx_word' id='word_1_232' title='bbox 98 3555 213 3598; x_wconf 87' lang='lat' dir='ltr'><strong>nsnosa</strong></span> <span class='ocrx_word' id='word_1_233' title='bbox 234 3533 396 3616; x_wconf 86' lang='lat' dir='ltr'><strong>qualitate,</strong></span> <span class='ocrx_word' id='word_1_234' title='bbox 425 3553 488 3614; x_wconf 88' lang='lat' dir='ltr'><strong>qua</strong></span> <span class='ocrx_word' id='word_1_235' title='bbox 509 3529 628 3594; x_wconf 86' lang='lat' dir='ltr'><strong>dotatus</strong></span> <span class='ocrx_word' id='word_1_236' title='bbox 650 3542 710 3607; x_wconf 85' lang='lat' dir='ltr'><strong>est,</strong></span> <span class='ocrx_word' id='word_1_237' title='bbox 741 3532 833 3594; x_wconf 88' lang='lat' dir='ltr'><strong>etiem</strong></span> <span class='ocrx_word' id='word_1_238' title='bbox 853 3554 949 3614; x_wconf 90' lang='lat' dir='ltr'><strong>usque</strong></span> <span class='ocrx_word' id='word_1_239' title='bbox 968 3530 1008 3594; x_wconf 88' lang='lat' dir='ltr'><strong>ed</strong></span> <span class='ocrx_word' id='word_1_240' title='bbox 1028 3551 1096 3595; x_wconf 85' lang='lat' dir='ltr'><strong>ossa</strong></span> <span class='ocrx_word' id='word_1_241' title='bbox 1116 3528 1233 3595; x_wconf 88' lang='lat' dir='ltr'><strong>urendo</strong></span> 
     </span>
     <span class='ocr_line' id='line_1_30' title="bbox 97 3636 1233 3720; baseline -0.008 -18"><span class='ocrx_word' id='word_1_242' title='bbox 97 3640 238 3702; x_wconf 85' lang='lat' dir='ltr'><strong>homines</strong></span> <span class='ocrx_word' id='word_1_243' title='bbox 251 3656 466 3720; x_wconf 81' lang='lat' dir='ltr'><strong>conquassara3</strong></span> <span class='ocrx_word' id='word_1_244' title='bbox 485 3636 630 3718; x_wconf 78' lang='lat' dir='ltr'><strong>quoniam</strong></span> <span class='ocrx_word' id='word_1_245' title='bbox 644 3636 773 3699; x_wconf 85' lang='lat' dir='ltr'><strong>&#39;effectus</strong></span> <span class='ocrx_word' id='word_1_246' title='bbox 790 3637 1034 3701; x_wconf 88' lang='lat' dir='ltr'><strong>coniunctionum</strong></span> <span class='ocrx_word' id='word_1_247' title='bbox 1053 3653 1233 3716; x_wconf 79' lang='lat' dir='ltr'><strong>magnarum</strong></span> 
     </span>
     <span class='ocr_line' id='line_1_31' title="bbox 98 3735 1237 3823; baseline -0.011 -16"><span class='ocrx_word' id='word_1_248' title='bbox 98 3756 170 3807; x_wconf 89' lang='lat' dir='ltr'><strong>eunt</strong></span> <span class='ocrx_word' id='word_1_249' title='bbox 189 3741 330 3805; x_wconf 85' lang='lat' dir='ltr'><strong>fortiores</strong></span> <span class='ocrx_word' id='word_1_250' title='bbox 345 3739 578 3819; x_wconf 84' lang='lat' dir='ltr'><strong>etmelignIorss</strong></span> <span class='ocrx_word' id='word_1_251' title='bbox 597 3738 712 3816; x_wconf 88' lang='lat' dir='ltr'><strong>infine,</strong></span> <span class='ocrx_word' id='word_1_252' title='bbox 732 3742 872 3823; x_wconf 84' lang='lat' dir='ltr'><strong>quemvis</strong></span> <span class='ocrx_word' id='word_1_253' title='bbox 890 3762 954 3805; x_wconf 90' lang='lat' dir='ltr'><strong>non</strong></span> <span class='ocrx_word' id='word_1_254' title='bbox 973 3741 1007 3803; x_wconf 91' lang='lat' dir='ltr'><strong>in</strong></span> <span class='ocrx_word' id='word_1_255' title='bbox 1026 3752 1108 3805; x_wconf 88' lang='lat' dir='ltr'><strong>tanta</strong></span> <span class='ocrx_word' id='word_1_256' title='bbox 1128 3735 1237 3799; x_wconf 85' lang='lat' dir='ltr'><strong>multi·</strong></span> 
     </span>
     <span class='ocr_line' id='line_1_32' title="bbox 99 3840 1232 3927; baseline -0.009 -19"><span class='ocrx_word' id='word_1_257' title='bbox 99 3846 223 3923; x_wconf 90' lang='lat' dir='ltr'><strong>tudine,-</strong></span> <span class='ocrx_word' id='word_1_258' title='bbox 243 3858 278 3908; x_wconf 88' lang='lat' dir='ltr'><strong>ut</strong></span> <span class='ocrx_word' id='word_1_259' title='bbox 290 3864 402 3907; x_wconf 87' lang='lat' dir='ltr'><strong>omnes</strong></span> <span class='ocrx_word' id='word_1_260' title='bbox 421 3845 557 3909; x_wconf 90' lang='lat' dir='ltr'><strong>sentiunt</strong></span> <span class='ocrx_word' id='word_1_261' title='bbox 577 3845 731 3922; x_wconf 77' lang='lat' dir='ltr'><strong>astrologi.</strong></span> <span class='ocrx_word' id='word_1_262' title='bbox 782 3846 831 3909; x_wconf 86' lang='lat' dir='ltr'><strong>Sic</strong></span> <span class='ocrx_word' id='word_1_263' title='bbox 850 3847 953 3927; x_wconf 88' lang='lat' dir='ltr'><strong>iteque</strong></span> <span class='ocrx_word' id='word_1_264' title='bbox 979 3846 1068 3905; x_wconf 90' lang='lat' dir='ltr'><strong>illum</strong></span> <span class='ocrx_word' id='word_1_265' title='bbox 1089 3840 1232 3903; x_wconf 86' lang='lat' dir='ltr'><strong>morbum</strong></span> 
     </span>
     <span class='ocr_line' id='line_1_33' title="bbox 100 3939 1233 4025; baseline -0.006 -17"><span class='ocrx_word' id='word_1_266' title='bbox 100 3948 175 4009; x_wconf 88' lang='lat' dir='ltr'><strong>sicut</strong></span> <span class='ocrx_word' id='word_1_267' title='bbox 199 3961 228 4010; x_wconf 89' lang='lat' dir='ltr'><strong>et</strong></span> <span class='ocrx_word' id='word_1_268' title='bbox 249 3960 362 4011; x_wconf 84' lang='lat' dir='ltr'><strong>ceteros</strong></span> <span class='ocrx_word' id='word_1_269' title='bbox 382 3959 414 4011; x_wconf 89' lang='lat' dir='ltr'><strong>et</strong></span> <span class='ocrx_word' id='word_1_270' title='bbox 432 3947 493 4009; x_wconf 86' lang='lat' dir='ltr'><strong>alia</strong></span> <span class='ocrx_word' id='word_1_271' title='bbox 512 3943 704 4009; x_wconf 88' lang='lat' dir='ltr'><strong>incommoda</strong></span> <span class='ocrx_word' id='word_1_272' title='bbox 731 3947 860 4008; x_wconf 88' lang='lat' dir='ltr'><strong>humani</strong></span> <span class='ocrx_word' id='word_1_273' title='bbox 880 3947 999 4025; x_wconf 86' lang='lat' dir='ltr'><strong>generis</strong></span> <span class='ocrx_word' id='word_1_274' title='bbox 1019 3957 1122 4006; x_wconf 87' lang='lat' dir='ltr'><strong>extera</strong></span> <span class='ocrx_word' id='word_1_275' title='bbox 1142 3939 1233 4004; x_wconf 83' lang='lat' dir='ltr'><strong>euelli</strong></span> 
     </span>
     <span class='ocr_line' id='line_1_34' title="bbox 100 4046 1232 4128; baseline 0.002 -19"><span class='ocrx_word' id='word_1_276' title='bbox 100 4069 164 4111; x_wconf 86' lang='lat' dir='ltr'><strong>non</strong></span> <span class='ocrx_word' id='word_1_277' title='bbox 183 4048 281 4111; x_wconf 88' lang='lat' dir='ltr'><strong>eredo.</strong></span> <span class='ocrx_word' id='word_1_278' title='bbox 322 4052 415 4114; x_wconf 85' lang='lat' dir='ltr'><strong>Forte</strong></span> <span class='ocrx_word' id='word_1_279' title='bbox 434 4063 536 4114; x_wconf 89' lang='lat' dir='ltr'><strong>autem</strong></span> <span class='ocrx_word' id='word_1_280' title='bbox 553 4049 594 4111; x_wconf 86' lang='lat' dir='ltr'><strong>ed</strong></span> <span class='ocrx_word' id='word_1_281' title='bbox 613 4069 709 4118; x_wconf 84' lang='lat' dir='ltr'><strong>nonos</strong></span> <span class='ocrx_word' id='word_1_282' title='bbox 730 4046 768 4109; x_wconf 85' lang='lat' dir='ltr'><strong>de</strong></span> <span class='ocrx_word' id='word_1_283' title='bbox 788 4049 931 4128; x_wconf 83' lang='lat' dir='ltr'><strong>proximo</strong></span> <span class='ocrx_word' id='word_1_284' title='bbox 948 4061 1090 4113; x_wconf 78' lang='lat' dir='ltr'><strong>venturos</strong></span> <span class='ocrx_word' id='word_1_285' title='bbox 1110 4046 1232 4111; x_wconf 73' lang='lat' dir='ltr'><strong>istem·</strong></span> 
     </span>
     <span class='ocr_line' id='line_1_35' title="bbox 100 4151 1233 4235; baseline 0.004 -25"><span class='ocrx_word' id='word_1_286' title='bbox 100 4151 248 4213; x_wconf 85' lang='lat' dir='ltr'><strong>mirabilis</strong></span> <span class='ocrx_word' id='word_1_287' title='bbox 265 4165 297 4214; x_wconf 87' lang='lat' dir='ltr'><strong>et</strong></span> <span class='ocrx_word' id='word_1_288' title='bbox 316 4152 486 4232; x_wconf 89' lang='lat' dir='ltr'><strong>ponderosa</strong></span> <span class='ocrx_word' id='word_1_289' title='bbox 506 4157 600 4218; x_wconf 89' lang='lat' dir='ltr'><strong>trium</strong></span> <span class='ocrx_word' id='word_1_290' title='bbox 620 4156 811 4235; x_wconf 81' lang='lat' dir='ltr'><strong>planetarum</strong></span> <span class='ocrx_word' id='word_1_291' title='bbox 839 4151 1010 4235; x_wconf 83' lang='lat' dir='ltr'><strong>coniunctio</strong></span> <span class='ocrx_word' id='word_1_292' title='bbox 1038 4151 1156 4235; x_wconf 86' lang='lat' dir='ltr'><strong>aliquid</strong></span> <span class='ocrx_word' id='word_1_293' title='bbox 1176 4171 1233 4215; x_wconf 88' lang='lat' dir='ltr'><strong>no-</strong></span> 
     </span>
     <span class='ocr_line' id='line_1_36' title="bbox 100 4253 1232 4340; baseline -0.001 -23"><span class='ocrx_word' id='word_1_294' title='bbox 100 4275 174 4317; x_wconf 76' lang='lat' dir='ltr'><strong>utrm</strong></span> <span class='ocrx_word' id='word_1_295' title='bbox 194 4255 385 4334; x_wconf 88' lang='lat' dir='ltr'><strong>apportabit,</strong></span> <span class='ocrx_word' id='word_1_296' title='bbox 405 4269 440 4319; x_wconf 87' lang='lat' dir='ltr'><strong>ut</strong></span> <span class='ocrx_word' id='word_1_297' title='bbox 459 4271 505 4320; x_wconf 89' lang='lat' dir='ltr'><strong>est</strong></span> <span class='ocrx_word' id='word_1_298' title='bbox 524 4255 708 4335; x_wconf 89' lang='lat' dir='ltr'><strong>timendum,</strong></span> <span class='ocrx_word' id='word_1_299' title='bbox 730 4258 784 4319; x_wconf 92' lang='lat' dir='ltr'><strong>ubi</strong></span> <span class='ocrx_word' id='word_1_300' title='bbox 804 4257 846 4321; x_wconf 85' lang='lat' dir='ltr'><strong>sie</strong></span> <span class='ocrx_word' id='word_1_301' title='bbox 864 4278 920 4338; x_wconf 88' lang='lat' dir='ltr'><strong>per</strong></span> <span class='ocrx_word' id='word_1_302' title='bbox 939 4255 1066 4340; x_wconf 85' lang='lat' dir='ltr'><strong>aliquod</strong></span> <span class='ocrx_word' id='word_1_303' title='bbox 1088 4253 1232 4337; x_wconf 81' lang='lat' dir='ltr'><strong>grandius</strong></span> 
     </span>
     <span class='ocr_line' id='line_1_37' title="bbox 101 4354 1233 4447; baseline 0 -27"><span class='ocrx_word' id='word_1_304' title='bbox 101 4358 242 4423; x_wconf 80' lang='lat' dir='ltr'><strong>eveniens</strong></span> <span class='ocrx_word' id='word_1_305' title='bbox 261 4354 548 4447; x_wconf 61' lang='lat' dir='ltr'><strong>populoiquoniem</strong></span> <span class='ocrx_word' id='word_1_306' title='bbox 570 4362 726 4444; x_wconf 79' lang='lat' dir='ltr'><strong>isilegello</strong></span> <span class='ocrx_word' id='word_1_307' title='bbox 745 4383 804 4426; x_wconf 86' lang='lat' dir='ltr'><strong>nos</strong></span> <span class='ocrx_word' id='word_1_308' title='bbox 821 4382 892 4426; x_wconf 89' lang='lat' dir='ltr'><strong>non·</strong></span> <span class='ocrx_word' id='word_1_309' title='bbox 904 4360 1085 4431; x_wconf 81' lang='lat' dir='ltr'><strong>sufficienter</strong></span> <span class='ocrx_word' id='word_1_310' title='bbox 1106 4358 1233 4437; x_wconf 87' lang='lat' dir='ltr'><strong>castige-</strong></span> 
     </span>
    </p>
   </div>
   <div class='ocr_carea' id='block_1_6' title="bbox 0 0 1410 4800">
    <p class='ocr_par' dir='ltr' id='par_1_6' title="bbox 0 0 1410 4800">
     <span class='ocr_line' id='line_1_38' title="bbox 0 0 1410 4800; baseline 0 0"><span class='ocrx_word' id='word_1_311' title='bbox 0 0 1410 4800; x_wconf 95' lang='lat' dir='ltr'><strong> </strong></span> 
     </span>
    </p>
   </div>
  </div>
 </body>
</html>
