2806 4800
619 187 696 310 'ass

86 427 186 486 solum
209 423 340 506 quilibet
360 421 545 500 medendus,
568 421 621 485 sed
644 423 734 485 eliam
757 420 918 505 quodlibet
947 426 1119 488 membrum
1143 429 1235 492 -iuxla

87 531 187 590 natale
208 527 292 589 sidus
316 541 346 589 el
366 531 470 590 thema
486 531 580 589 habet
597 529 758 608 proprium
778 529 895 607 lslnm3
916 531 1115 593 luber-enam
1137 532 1235 593 fortu-

87 636 175 693 nalos
203 643 233 692 et
261 631 468 693 infortunatus
504 632 657 710 planetas,
691 630 832 691 similiter
860 644 1007 710 aspectus.
1047 626 1236 713 ‘Oporlerel

87 734 248 796 cuiuslibet
268 731 410 793 medendi
433 736 562 794 natalem
585 733 734 812 praescire
762 728 931 810 medicum}
957 732 1028 795 'imo
1048 736 1137 796 etiam
1162 757 1236 816 pro·

87 837 204 916 priam,
236 857 274 896 ne
296 837 380 897 illius
402 837 517 896 infelici
544 834 643 896 sidere
673 833 909 917 (ignorationem
936 835 1069 920 praeter)
1094 840 1236 903 surbelur

88 937 216 999 antidoti
237 937 393 1000 effeetus:
410 951 563 1018 oporteret
584 938 685 998 etiam·
699 938 859 999 cuiuslibet
887 937 1086 1017 aegritudinis
1105 953 1151 1002 tot
1172 962 1236 1004 esse

88 1039 244 1116 medicos,¹
272 1052 350 1122 quot
381 1043 527 1102 membra.
592 1039 684 1116 Quod
721 1053 766 1103 est
794 1053 890 1102 artem
925 1063 942 1103 e
977 1042 1078 1105 medio
1108 1050 1235 1124 prorsus

88 1148 196 1208 tollere
217 1143 383 1228 sedereque
418 1136 563 1206 censoriis
582 1137 742 1206 Carolus.⁴
827 1181 831 1188 -
937 1150 940 1155 ’

176 1252 261 1313 Haeo
283 1272 346 1313 cero
364 1257 429 1312 'oiri
441 1263 496 1312 elc.
511 1273 555 1294 -’-
588 1246 649 1310 Sed
671 1249 720 1309 cui
741 1247 865 1310 ascribis
885 1250 965 1310 hanc
984 1269 1087 1312 rerum
1108 1251 1235 1312 circum-

24 1348 31 1354 *
88 1351 239 1427 slnnliam,
262 1349 387 1434 quando
409 1352 545 1434 qumvis,
567 1350 745 1431 praesertim
759 1350 972 1427 minutissima,
992 1364 1027 1413 ut
1046 1350 1104 1432 'pili
1123 1366 1236 1430 mosam,

87 1452 126 1514 ad
147 1453 279 1516 sidereas
298 1453 432 1514 relerant
453 1467 574 1529 causas,
596 1473 659 1514 non
689 1453 789 1513 solnm
817 1452 1054 1514 circumstantias
1065 1497 1075 1532 ,
1097 1474 1175 1537 quae
1196 1453 1234 1516 ad

87 1549 215 1622 formem
237 1558 414 1632 conferunt,
436 1554 490 1617 sed
512 1558 602 1618 eliam
623 1558 747 1618 illarum
769 1554 1006 1636 appendiciasi.

119 1651 123 1683 ³
174 1666 389 1726 Dc'couuense
409 1661 505 1722 Rns1s
531 1671 585 1724 ele.
606 1664 650 1706 -'-
692 1660 783 1720 Honc
802 1678 1010 1738 passumnon
1030 1661 1107 1740 legi,
1134 1658 1235 1743 nequis

88 1754 353 1843 assignasioc'um,
373 1761 444 1824 ideo
454 1761 498 1823 'de
515 1759 672 1822 mendacio
685 1761 764 1823 mihi
784 1781 816 1822 es
835 1773 1007 1842 suspectus:
1029 1762 1068 1822 sit
1078 1775 1235 1824 autemut

89 1865 173 1927 dicis.
210 1865 312 1927 ¹Rssrs
325 1863 363 1925 de
385 1883 442 1924 sno
464 1865 605 1945 loquitur
626 1865 727 1926 velex
749 1875 849 1923 menle
870 1864 1111 1942 aliorum3nam
1132 1860 1236 1927 stellas

89 1952 432 2049 nonf·pns11nt1uinrer
450 1965 536 2044 signa
556 1965 647 2026 terlio
671 1963 710 2024 de
730 1963 800 2024 crisi
823 1975 853 2024 et
872 1961 1004 2024 secunda
1023 1978 1149 2045 quarlo,
1178 1986 1235 2046 por
1308 1982 1312 1993 ⁸

89 2092 168 2152 quae
192 2068 336 2132 docemur
357 2068 545 2146 discernere,
565 2065 738 2150 quomodo
759 2064 843 2129 crisis
864 2067 1045 2127 terminetur
1065 2066 1235 2145 negriludo.

103 2210 107 2215 -
175 2164 318 2250 Similiter,
335 2177 361 2233 si
378 2184 483 2256 capere
503 2175 644 2255 qnlseelr't
660 2164 715 2233 elo.
738 2205 779 2215 -
809 2168 843 2231 si
866 2187 973 2248 capere
995 2169 1065 2250 quis
1087 2172 1192 2248 possit,
1215 2191 1234 2234 o

88 2273 197 2350 Sinon,
219 2274 403 2352 magnumte
424 2274 524 2337 vasen
542 2268 748 2335 constitueres.
790 2271 870 2333 Nam
891 2271 918 2331 si
938 2269 1120 2333 tabificailla
1133 2273 1236 2335 loona

89 2367 418 2439 coniunctioneconcri
440 2376 488 2459 (in
509 2395 642 2458 quorum
664 2377 753 2455 signo
775 2371 963 2456 expectatur)
984 2375 1166 2450 morientur,
1188 2397 1236 2436 ca·

88 2470 192 2541 rilndo
214 2471 511 2560 eritssin'plscibus,
525 2494 633 2560 nequa
649 2491 739 2540 erunt
761 2475 1017 2560 (febricitantibus
1042 2475 1234 2564 praesertim)

87 2583 240 2658 salubres,
263 2595 293 2644 et
313 2580 520 2657 retrocedens,
548 2574 796 2662 qnaehactenus
822 2577 1236 2659 ignorationispraesidibus
1332 2601 1338 2608 ·

88 2700 252 2764 progressa*
266 2696 354 2758 snut,
367 2701 370 2705 ’
383 2683 515 2761 negotia.
557 2683 676 2742 Poteris
696 2702 835 2760 magnam
857 2685 916 2747 ribi
936 2676 1007 2742 inde
1029 2683 1126 2743 facere
1146 2692 1236 2762 praa*

89 2787 239 2848 visionem
259 2785 292 2842 in
311 2777 486 2862 oppositum
506 2785 626 2844 coelum
641 2782 803 2846 flectendo.
848 2789 912 2867 Ego
933 2787 1009 2848 sient
1027 2782 1235 2861 non‘elllrmm
1279 2817 1284 2829 =

89 2889 133 2947 ila
152 2901 208 2944 nec
227 2883 348 2946 infirmo
368 2888 424 2948 llas
445 2888 496 2948 vel
515 2878 788 2950 illasfealamirates
810 2882 948 2952 issimus:
972 2887 1009 2950 de
1024 2887 1235 2951 contradictio·

91 2989 138 3048 nis
157 2987 238 3046 enirn
259 2999 401 3069 utroque
413 3001 551 3051 extremo
570 2989 720 3052 idem'sst
739 2989 897 3053 iudicium.
947 2987 1013 3052 Hoc
1033 2992 1163 3078 opinor,
1186 2992 1235 3058 vnil

89 3089 163 3148 mali
184 3109 224 3149 ex
237 3091 329 3151 'coslo
349 3090 501 3152 lecturum.
709 3099 712 3105 '

176 3187 353 3271 Theologiam
375 3200 583 3257 insimulasetc.
596 3231 639 3242 —-
681 3197 720 3259 In,
738 3207 823 3257 tanto
845 3197 924 3259 serio
947 3199 1025 3258 mihi
1042 3197 1141 3259 risum
1162 3196 1234 3275 pro‘·

85 3295 216 3357 vocaslit
250 3284 305 3355 ubi
326 3295 452 3375 sciram,
479 3309 510 3360 te
531 3309 652 3377 praeter
676 3301 748 3361 haee
768 3291 922 3364 neminem
944 3302 1113 3377 lecturum,
1141 3298 1233 3358 affer·

86 3417 149 3458 rem
175 3416 306 3459 caussam.
645 3422 648 3427 ·
799 3417 802 3420 ·
842 3421 844 3425 ’

172 3503 251 3566 Nihil
274 3503 366 3562 obsim
388 3513 441 3562 ele.
464 3537 507 3548 -
557 3503 598 3564 At
628 3515 707 3565 certe
736 3505 796 3565 hoc
824 3504 943 3584 ipsum,
983 3503 1067 3586 quod
1101 3502 1235 3566 salvalor

86 3599 181 3664 dixis:
198 3596 278 3685 ⁴quia
299 3604 419 3667 nescitis
440 3602 522 3665 diem
544 3608 645 3688 neque
665 3608 793 3684 horam,
817 3607 1007 3687 potissimum
1030 3607 1146 3678 obstat,
1168 3626 1231 3686 quo

84 3722 150 3764 non
167 3701 258 3766 dnum
279 3696 378 3767 maius
399 3708 624 3771 eboracorum·
638 3703 844 3772 dicere'enim
868 3701 1045 3790 oppositum
1073 3705 1232 3770 seldenus

85 3824 213 3885 arguere
234 3800 280 3868 de'
293 3805 460 3871 mendacio.
757 3821 758 3825 ’

81 3939 84 3944 ·
169 3911 356 3972 Decancsllo
368 3924 421 3973 elc.
437 3947 478 3962 -
498 3908 569 3975 Una
583 3935 618 3975 rs
638 3915 671 3974 in
693 3916 752 3975 hoc
767 3924 899 3975 moeslns
920 3907 999 3990 sn‘ur,
1020 3909 1106 3994 quod
1127 3921 1231 3970 aucto·

85 3997 151 4066 rem
173 4018 238 4079 nou
257 4007 365 4089 nosco,
388 4033 481 4095 quem
501 4016 528 4074 si
549 4010 722 4090 noscerem,
741 4013 779 4074 ad
801 4015 920 4088 minos,
949 4015 976 4074 si
1000 4030 1062 4073 non
1083 4023 1232 4087 sonarem,

84 4100 243 4188 loquendo
269 4133 327 4193 par
348 4115 417 4194 pari
432 4111 601 4181 'referrem
656 4109 768 4176 Videat
792 4126 912 4189 tamen,
942 4112 1153 4173 ne.bannitus
1180 4109 1231 4195 (ut

84 4209 147 4268 luis
170 4209 251 4294 salar)
282 4213 320 4276 de
353 4212 484 4276 cancello
511 4218 551 4277 ob
567 4215 751 4279 <huiusmodi
771 4215 1001 4297 superstitiones
1028 4215 1079 4276 ills
1101 4213 1141 4276 sit
1161 4233 1232 4293 pss-

20 4370 23 4375 .
84 4332 136 4376 sus
157 4308 296 4378 exllium.
