2806 4800
99 435 128 495 7.
171 427 349 512 Explodere
366 443 395 493 et
417 451 479 493 non
502 450 627 494 nomene
646 443 781 495 monstra
801 431 933 506 artium,
961 450 1058 494 enar.

99 539 128 598 8.
171 536 360 597 Auroram
386 552 535 616 qrraarere
567 555 618 596 ax
615 536 714 597 coela
750 532 878 599 causam'
901 535 995 615 pestis
1015 532 1196 609 universalis
1220 544 1251 597 et

205 657 268 698 non
290 634 497 716 particularis,
521 655 616 698 error.

98 745 129 803 9.
172 743 289 802 Ponere
312 737 403 798 aliam
424 757 544 797 mnsam
575 733 781 801 immediatam
810 738 903 820 pestis
924 750 1046 818 practer
1074 686 1162 805 adria
1176 750 1248 834 cot»-

163 840 396 913 versionem,
418 858 516 900 error.
578 859 582 867 ·

101 949 152 1006 10.
173 942 326 1008 Factam
315 963 348 1002 ιιι
369 939 497 1019 geminis
519 939 761 1007 coniunctionem
783 941 1028 1022 ponderosorum
1050 966 1170 1008 mnsam
1186 965 1250 1008 esse

124 1099 149 1109 .,
202 1045 323 1126 ⁴pestis,
342 1061 439 1109 error.
496 1094 501 1105 .

104 1152 155 1208 11.
177 1147 345 1208 Praeiatam
365 1143 606 1225 propositionem
631 1148 764 1210 tribuere
785 1148 981 1223 Amanum,
1002 1167 1117 1211 error.

103 1255 154 1311 12.
177 1251 330 1312 Garanum
351 1269 392 1309 ex
411 1247 572 1329 principiis
593 1245 761 1321 medicinae
782 1270 929 1332 quaerere
949 1271 1070 1313 oausam
1088 1250 1173 1341 crisis
1194 1272 1251 1385 per

201 1365 300 1428 aetra,
319 1371 440 1413 orror.
843 1410 846 1415 .

102 1460 152 1518 13.
172 1454 358 1517 Medicum'
348 1475 382 1515 ιιι
402 1454 462 1515 hoo
483 1453 614 1516 solnm
605 1453 719 1515 imitari
740 1453 1070 1528 (lauronem.
1097 1504 1101 1512 .
1208 1510 1212 1517 .

102 1564 153 1620 14.
173 1559 333 1637 ignorare,
353 1538 432 1639 qnid
451 1557 498 1619 sit·
510 1557 675 1619 affimratio
695 1560 743 1620 vel
766 1558 904 1638 negatio,
925 1578 1030 1620 aaron·
1078 1588 1095 1617 '.
1136 1608 1138 1615 .

100 1664 150 1722 11.
171 1661 244 1722 Esse
264 1658 454 1721 morbificam
474 1659 677 1739 universalem
697 1661 775 1722 cosli
796 1659 1003 1734 influentiam,
1024 1679 1120 1720 error.

101 1766 150 1823 16.
174 1758 340 1841 corrumpi
360 1767 463 1821 aarum
482 1760 518 1821 in
538 1761 708 1824 substantia
727 1761 794 1823 sine
817 1762 1034 1844 qtralitatibns,
1055 1779 1152 1822 error.

101 1866 151 1926 17.
172 1863 242 1924 Νοιι
263 1882 352 1941 possa
375 1863 576 1924 substantiam
594 1863 687 1925 *a'a’ris
705 1861 866 1925 subaudiri
893 1885 950 1944 per
976 1861 1108 1925 calidum
1122 1910 1125 1915 ·
1138 1877 1168 1927 et
1189 1867 1250 1928 lnt-

202 1961 354 2040 midam,
360 1983 472 2024 error.
1051 2023 1058 2029 ..
1230 2022 1235 2029 .

101 2068 392 2131 tumulatorem
418 2075 534 2146 pestem
560 2076 615 2127 et
624 2084 688 2127 non
720 2065 923 2128 universalem
951 2066 1018 2129 lieri
1042 2070 1107 2130 sine
1128 2066 1249 2129 inssuxu

181 2169 299 2252 coeli,
320 2189 415 2230 error.

103 2273 154 2331 19.
177 2240 348 2350 intelligere
369 2271 418 2332 vel
429 2271 539 2330 stellas
561 2272 609 2331 vel
632 2272 757 2333 illarum
770 2269 1023 2351 configurationes
1040 2293 1097 2353 per
1115 2290 1165 2336 res
1181 2290 1249 2335 caea

202 2373 292 2435 testes
311 2372 382 2433 libr.
404 2371 469 2447 tv,
487 2388 584 2435 error.
610 2411 613 2417 ,
648 2400 652 2421 ι
668 2413 673 2425 .

257 2610 288 2637 ¹·
327 2609 473 2684 Erroras'
505 2610 735 2684 conclusionis
761 2608 1019 2710 impertinentia
1058 2706 1061 2711 ι

103 2790 133 2847 1.
176 2782 358 2864 Quempiam
380 2783 467 2864 prins
488 2804 633 2863 nupero,
649 2804 743 2865 qnam
761 2762 949 2862 intelligere,
970 2801 1066 2844 error.
1122 2824 1125 2829 ,

103 2893 133 2950 2.
177 2887 308 2950 Veritati
327 2888 466 2950 resistere
488 2900 516 2947 et
539 2907 657 2948 errores
677 2883 827 2961 incidere,
855 2906 963 2948 error.

101 2993 132 3053 3.
169 2990 380 3068 ,111181ρεί111
397 3003 426 3052 et
445 2990 662 3052 astronomiam
684 3006 778 3050 unam
797 2987 991 3070 eandemque-
1006 2987 1163 3050 solstitium
1174 3007 1248 3062 esse,

208 3111 304 3152 error.

98 3201 130 3256 4.
174 3193 392 3258 Definitionum
412 3195 616 3256 astronomiae
637 3193 774 3255 tribuere
794 3192 992 3270 astrologiae,
1012 3196 1108 3250 emor.
1206 3218 1229 3247 ;.

101 3303 132 3360 5.
171 3297 336 3358 lnntilihus
357 3296 556 3375 opinionibus
572 3312 722 3374 ncctrpars
740 3293 889 3353 iuvenilia
909 3291 1049 3370 ingenia,¹
1065 3310 1162 3352 error.

99 3404 131 3462 6.
175 3396 372 3460 Confundere
392 3397 506 3476 species
528 3399 624 3457 reales
647 3409 675 3457 et
696 3395 1013 3476 legitincas:‚.errnr.-
1077 3431 1082 3439 .
1120 3400 1123 3407 ’

101 3506 132 3566 7.
176 3498 372 3564 Conlundere
393 3500 597 3562 coniecturam
620 3498 841 3576 etacientiam,
857 3518 983 3560 error.
1012 3544 1016 3551 ,
1113 3527 1128 3557 .·

101 3610 132 3668 8.
176 3601 373 3666 Confundera
392 3603 540 3664 vocabula
561 3601 763 3690 astronomiae
784 3612 813 3662 et
833 3599 1032 3678 astrologiae,
1050 3607 1147 3663 error.

101 3713 131 3770 9.
174 3709 394 3786 Praesagireex
403 3707 493 3769 astris
501 3706 681 3768 alunnum
692 3717 722 3766 et
732 3704 833 3766 metiri
845 3707 963 3766 coslum
976 3701 1057 3765 idam
1069 3724 1143 3778 esse,
1153 3722 1249 3775 error,

103 3814 154 3871 10.
178 3807 278 3871 ldem
284 3807 451 3872 secundum
472 3807 554 3870 idem
574 3829 700 3870 movere
718 3808 891 3887 seipsum,
913 3825 1013 3868 error.
1067 3835 1070 3839 v
1147 3824 1155 3841 ‘

103 3917 156 3973 tt.
176 3913 296 3974 Lumen
318 3925 444 3974 naturae
463 3909 651 3973 oonlsrndere
672 3928 741 3970 nrm
760 3910 877 3969 lumina
897 3907 1093 4040 prophetiae
1096 3909 1145 3967 vel
1161 3902 1250 3980 fidei,

204 4035 299 4075 error.

104 4120 154 4177 12.
175 4117 379 4196 Astrolngiam
400 4115 621 4178 mirationem
643 4114 824 4190 vellegam
833 4125 916 4184 essa,
934 4128 1038 4170 error.
1079 4156 1083 4162 .
1214 4123 1232 4155 ἰν

103 4223 155 4281 18.
176 4221 303 4298 Figurae
320 4218 396 4287 coeli
415 4218 517 4280 reales
524 4213 712 4279 conscindere
733 4236 800 4276 cunr
815 4211 1002 4290 astrologicis
1013 4208 1135 4286 fictitiis,
1154 4224 1248 4270 error.

102 4326 154 4382 14.
175 4321 348 4402 significata
370 4325 410 4381 12
433 4318 595 4387 dommum
618 4318 694 4380 coeli
714 4338 771 4398 pen
792 4327 934 4377 naturam
957 4333 1039 4384 esso,
1066 4332 1161 4375 error.

920 4429 960 4486 12
