2806 4800
719 197 768 265 70

179 381 432 451 statumreducet.
454 375 1070 460 Possuntetexuloerationesaqoisacutis
1078 375 1186 438 crebro
1195 375 1327 456 aspergi,
1382 444 1388 454 ,

180 492 228 551 vel
248 486 466 551 exsiccantibus
487 484 616 558 balneis,
635 495 767 558 acetosa,
798 481 921 544 vitriolo
942 480 1031 553 albo,
1058 476 1194 538 alumine
1215 488 1245 539 et
1264 479 1327 540 sals

182 592 281 666 coctis,
300 587 432 668 irrigari.
473 582 720 666 Verumquideua
734 603 832 666 quum
847 602 928 645 unus
944 594 1006 644 tam
1028 593 1113 642 tener
1133 592 1221 657 esest,
1241 578 1328 664 quod

182 695 298 756 nullam
318 687 556 753 medicaminum
570 687 767 749 acrimoniam
790 686 870 747 ferre
890 695 1006 764 posset,
1032 702 1128 764 aquas
1147 683 1256 745 solatri
1274 702 1329 747 seo

182 793 367 875 plantaginis
389 811 459 853 cum
476 790 697 870 inspergitnine
717 788 848 868 litargiri
871 787 921 850 vel
940 786 1028 862 anri,
1048 787 1099 848 vel
1119 784 1239 864 argenti
1260 787 1329 849 vul.

183 897 309 958 neribus
326 894 488 958 adhibeat:
510 913 603 976 quam
624 894 760 973 primurn
781 889 822 954 ad
842 889 979 952 sanitatis
995 902 1107 953 metam
1121 887 1289 969 perveniet.

269 995 329 1060 Ssd
340 995 602 1081 quemadmodum
616 999 692 1060 baec
705 994 926 1059 medicamenta
942 1006 1096 1058 maturant
1108 995 1272 1056 vulnerum
1281 1013 1330 1057 sa·

185 1099 350 1177 nationem,
369 1101 424 1162 ubi
437 1099 592 1163 corrosiva
607 1100 748 1163 materies
765 1111 809 1161 sst
823 1096 1008 1161 sufficienter
1016 1094 1205 1177 potionibus,
1224 1093 1331 1174 pilulis

186 1203 235 1263 vel
243 1203 319 1267 alias
328 1205 412 1268 bono
428 1203 507 1267 vitae
517 1203 666 1280 regimine
680 1224 719 1266 ex
734 1201 855 1264 animae
869 1198 994 1263 sedibus
1005 1200 1144 1278 expulsa,
1160 1199 1205 1261 ita
1224 1194 1331 1261 vitea.-

187 1313 239 1365 tur
260 1325 326 1366 eam
344 1325 576 1387 nonnunquam
593 1305 698 1386 potius
722 1305 882 1382 remorari,
905 1323 998 1388 quam
1015 1321 1213 1383 promovere,
1233 1322 1332 1384 quum

187 1405 291 1469 ssttxus
306 1427 367 1469 non
386 1419 431 1470 est
452 1407 631 1470 intrIusecus
645 1429 702 1488 per
718 1405 898 1480 huiusmodi
922 1403 1087 1469 medicinae
1104 1405 1233 1468 resciens
1254 1405 1333 1468 vela

186 1508 253 1570 loco
271 1511 433 1581 vulnerum
450 1531 584 1573 aversus.
632 1511 801 1593 Nequeunt
823 1510 907 1572 enim
923 1511 1159 1590 emplastrorum
1175 1509 1224 1571 vel
1237 1528 1334 1589 aqua·

187 1629 256 1673 rum
268 1612 394 1677 virtutes
410 1611 488 1677 tanti
503 1633 567 1674 esee
584 1612 713 1692 vigoris,
733 1624 768 1675 nt
780 1611 902 1673 fluxum
917 1624 979 1673 tatu
997 1611 1140 1674 subtilem
1159 1623 1188 1673 et
1202 1623 1335 1681 acutum,

187 1714 214 1775 si
228 1715 406 1794 praesent-itu
428 1735 496 1777 cum
507 1716 624 1794 impetu
641 1715 673 1775 in
693 1715 862 1794 perfossam
879 1734 1000 1775 munem
1020 1713 1163 1788 irruerit,
1183 1713 1335 1776 sisterent

190 1818 331 1881 cohibere
345 1817 472 1898 possint.
515 1815 615 1892 Quam
628 1817 744 1878 obrem
759 1813 878 1878 studeat
890 1817 1034 1898 quisque,
1055 1815 1112 1897 qni
1125 1816 1182 1877 bac
1192 1814 1335 1879 foeditate

189 1920 317 1982 iniectus
329 1933 389 1997 est,
410 1921 511 1982 alvum
525 1920 626 2000 primo
637 1920 686 1981 bis
699 1916 873 1994 medicinis,
896 1939 972 2000 quas
985 1920 1046 1979 iam
1059 1915 1181 1998 pridem
1189 1920 1337 1994 recensui,

189 2025 239 2083 vel
252 2023 343 2085 etiam
354 2023 506 2085 similibus
520 2023 552 2083 iu
570 2023 718 2105 qualitate
734 2035 764 2085 et
779 2022 949 2105 quantitate
960 2018 1126 2083 secuudum
1140 2023 1276 2102 corporis
1286 2021 1337 2083 sui

190 2127 433 2189 constitutionem
448 2124 607 2200 mundare,
629 2124 739 2187 deinde
754 2127 949 2206 pustularum
962 2121 1084 2187 sordem
1100 2121 1260 2205 descriptis
1269 2124 1336 2185 bal·

190 2227 269 2301 neie,
291 2241 358 2288 tum
375 2223 514 2288 dolorem
531 2228 742 2289 iuncturarum
760 2247 816 2289 suo
831 2245 968 2306 congruo
988 2237 1161 2305 unguento,
1180 2239 1336 2307 postremo

192 2329 428 2391 exulcerationes
440 2326 595 2410 praedicto
615 2327 708 2392 modo
724 2330 912 2408 abstergere,
934 2325 1040 2395 sedare
1062 2340 1091 2389 et
1111 2348 1227 2390 muare.
1271 2327 1336 2399 Va·

191 2429 300 2509 lidior,
321 2433 424 2497 senior
446 2445 474 2495 et
497 2433 653 2496 robustior
677 2420 752 2510 er'it,
774 2454 866 2515 quam
887 2452 1024 2514 unquam
1045 2433 1176 2495 antehac
1196 2431 1265 2495 init.

277 2537 317 2598 At
330 2556 369 2596 ne
382 2535 489 2596 ultimo
500 2537 656 2597 coelestem
669 2533 862 2610 medicinam,
883 2556 945 2615 qna
955 2534 1035 2594 nihil
1046 2534 1162 2609 utilius,
1184 2533 1338 2597 salubrius

194 2649 222 2700 et
233 2637 380 2701 efficacius
392 2639 544 2701 humanas
559 2638 717 2718 fragilitati
725 2636 867 2700 accedere
877 2649 987 2718 potest,
1008 2635 1130 2698 silentio
1141 2647 1339 2715 praeteream,

193 2743 316 2822 consulo
326 2741 440 2804 carnotis
450 2743 641 2812 mortalibus,
658 2762 721 2804 non
730 2744 830 2804 solunt
842 2741 902 2816 his,
914 2739 970 2822 qui
983 2738 1077 2803 huius
1087 2737 1265 2802 calamitatis
1273 2759 1339 2801 sor·

194 2841 284 2904 dibus
298 2845 486 2926 coinquinati
508 2846 781 2928 ineffabilibusque
792 2847 856 2909 eius
876 2845 1169 2908 cruciatibusailecti
1183 2854 1263 2919 sunt,
1285 2839 1339 2905 sed

193 2946 265 3021 illis,
285 2947 342 3028 qni
356 2949 455 3012 eiusce
467 2949 630 3012 vilissimae
639 2948 792 3012 foeditatis
802 2947 1038 3013 amaritudinem
1050 2946 1188 3009 nondum
1199 2957 1340 3027 gustave-

193 3061 276 3125 runt,
298 3060 331 3111 nt
341 3070 465 3129 gravem
477 3055 623 3116 scelerum
636 3051 864 3129 vindicatorem,
884 3053 1037 3134 optimum
1050 3052 1219 3114 maximum
1227 3050 1339 3125 Deum,

195 3153 251 3232 qui
266 3174 331 3219 eam
345 3154 444 3234 ipeaut
455 3156 619 3236 perniciem
631 3155 755 3235 egestati
766 3168 887 3218 nostrae
897 3167 1024 3236 propter
1034 3154 1090 3215 ista
1100 3150 1339 3232 tvrrpiesimaila·

193 3253 277 3329 glria,
299 3257 412 3335 quibus
425 3257 486 3319 iam
499 3259 641 3321 universa
652 3259 820 3322 mortalitas
832 3257 1081 3337 ingurgitabant,
1102 3256 1225 3332 inflixit,
1245 3251 1339 3316 devo·

194 3353 233 3414 tie
243 3355 432 3423 orationibus
441 3359 503 3421 suis
514 3361 663 3441 evincant,
672 3382 736 3443 quo
745 3363 795 3424 vel
805 3358 922 3425 delictis
935 3372 964 3422 et
973 3359 1074 3423 morbi
1081 3356 1283 3425 incommodis
1296 3357 1339 3419 ir·

194 3457 300 3519 retitos
309 3456 497 3522 exadvereae
505 3463 687 3528 valetudinis
696 3466 836 3545 procellis
849 3463 1338 3544 eripiat‚intrauquillun1tutum-

197 3559 400 3638 quesanitatis
409 3567 686 3645 portumrestituat,
700 3571 751 3630 vel
758 3569 891 3637 insontes
899 3580 929 3631 et
935 3560 1123 3644 aegritudine
1131 3559 1280 3623 vacuosin
1289 3578 1336 3618 ee-

197 3660 331 3724 curitatie
342 3661 445 3726 littore
452 3679 617 3731 conservet.
639 3669 697 3730 Hic
707 3683 784 3732 certe
795 3669 1021 3733 miserationum
1033 3658 1245 3742 princepaqui
1257 3659 1339 3720 sani·

195 3773 287 3823 tatem
298 3782 360 3823 non
368 3778 521 3828 mensurat
533 3767 701 3831 secundum
712 3770 892 3832 meritorum
901 3765 1137 3853 quantitatcmct
1149 3760 1340 3841 gravilalema

194 3863 247 3926 sed
259 3885 332 3927 suas
346 3862 467 3928 divinae
480 3870 593 3946 gratiae
604 3885 633 3934 et
647 3871 871 3936 misericordiae
886 3867 1127 3952 magnitudInem
1136 3864 1341 3948 atquemulti·

194 3963 342 4043 tudinem,
356 3967 616 4050 exilidevotionis,
626 3977 830 4056 poenitentiae
844 3987 873 4036 et
888 3974 1078 4039 contritionis
1089 3969 1176 4034 radio
1191 3990 1209 4029 a
1224 3966 1342 4029 miseris

195 4068 369 4133 nectoribne
383 4076 583 4145 commonitus
596 4081 734 4143 salubres
753 4078 918 4142 medicinas
933 4079 1089 4158 evestigio
1101 4072 1249 4146 effundet,
1264 4090 1342 4152 quae

196 4184 258 4247 pon
269 4170 367 4234 solum
380 4176 513 4241 humana
525 4199 654 4258 corpora
664 4182 704 4242 ab
715 4182 772 4245 ieta
785 4201 937 4244 venenosa
950 4182 1022 4245 tabe
1036 4177 1270 4250 conservabunt,
1288 4168 1342 4236 sed

195 4291 261 4332 eam
284 4273 317 4335 iu
339 4291 494 4343 momento
515 4300 641 4361 prorsus
660 4281 808 4349 aeteram.
