2806 4800
672 236 750 310 278

216 429 388 510 impudentis
407 430 451 486 tui
472 435 529 485 ete.
550 457 592 470 -
643 419 808 503 lmpudens
829 441 918 497 sarm,
945 421 1026 484 tueri
1047 422 1208 487 veritatem
1239 437 1286 486 te·

131 550 194 614 que
216 541 250 591 ut
271 526 471 590 detractorem
494 524 689 586 falsissimum
710 524 836 586 leonino
858 521 968 587 rodere
988 521 1088 586 dente.

213 631 311 693 Rssrs
333 631 372 691 ds
403 630 513 690 medua
542 640 699 710 praecepto
727 638 784 688 etc.
812 658 857 673 -
918 626 1117 689 Aueveratse
1145 627 1286 692 falsitatis

130 733 269 796 conscius
289 729 458 807 iudicaret,
478 731 524 805 si,
551 749 609 810 pro
631 750 693 811 qua
715 747 838 809 pugno,
869 729 1030 792 veritatem
1052 727 1284 794 mendaciorum

131 835 269 899 nubibus
290 833 517 897 dissimulanter
539 833 650 894 lerrem
672 831 810 894 obvolvi.

220 939 298 1022 Quid
317 939 374 999 liae
403 943 432 997 in
452 949 516 998 orte
535 941 626 1014 egeris
645 947 701 997 ete.
724 966 765 980 -
815 936 918 998 Docui
947 949 978 999 te
1009 938 1086 1000 olim
1119 959 1138 999 a
1166 936 1284 1000 bacillis

132 1060 208 1104 uvas
228 1062 332 1122 passas
355 1039 522 1104 mundare:
554 1037 641 1123 quod
672 1040 699 1102 si
728 1039 762 1100 ia
783 1041 841 1101 leae
862 1051 927 1103 arte
946 1041 1081 1104 fructum
1108 1043 1206 1102 alium
1227 1063 1284 1104 un-

132 1165 226 1226 quam
247 1166 309 1208 non
332 1145 477 1224 egissem,
506 1165 600 1227 quam
619 1141 704 1226 quod
728 1139 836 1204 divino
856 1140 1010 1222 praesidio
1031 1155 1063 1205 et
1083 1144 1284 1231 conflatorum

133 1269 192 1329 ope
214 1262 244 1312 et
265 1249 391 1312 scientia
417 1261 447 1311 te
469 1247 638 1309 Lernaeam
669 1243 802 1327 hydram
825 1247 1066 1327 prostraverim,
1100 1249 1180 1309 bene
1206 1249 1285 1309 milri

133 1363 233 1414 aetum
253 1366 404 1432 putaram.
447 1347 515 1424 Qua
538 1371 612 1411 vero
633 1347 724 1409 laude
746 1350 884 1428 vulgaris
915 1347 1105 1412 medicorum
1132 1352 1284 1430 probatis·

133 1457 282 1518 simorum
303 1454 481 1536 praesertim
504 1454 614 1533 placita
637 1451 675 1514 de
694 1453 785 1530 febri,
808 1452 847 1515 de
867 1452 1051 1515 diffinitione
1070 1453 1285 1530 aegrotationis

135 1569 165 1619 et
175 1556 210 1620 id
228 1579 324 1638 genus
344 1559 475 1637 ignoras,
495 1558 585 1618 etiam
606 1570 704 1620 artem
716 1555 882 1618 medicinae
904 1577 1035 1618 exerces.
1079 1557 1188 1618 Habeo
1198 1575 1285 1615 nam-

135 1681 198 1743 que
217 1682 276 1743 pro
296 1659 488 1737 indubitato,
513 1657 599 1742 quod
621 1660 648 1720 si
669 1671 768 1721 tecum
790 1660 948 1722 mansisset
980 1657 1097 1721 diutius
1125 1660 1187 1720 hoe
1205 1659 1285 1719 anti·

135 1765 306 1843 graphum,
347 1760 461 1824 nedum
502 1762 643 1824 similiter
680 1761 778 1841 priori
813 1763 1048 1842 suppressiones,
1084 1762 1285 1823 verumetiam

135 1865 314 1930 suffocasses
335 1866 475 1945 penitus,
494 1861 733 1946 tradidissssque
754 1864 915 1926 ultricibus
934 1863 1075 1925 flammis.

221 1974 348 2051 Principi
365 1975 466 2031 seruire
486 1981 540 2029 etc.
564 2001 607 2014 -
627 1967 764 2046 Principi
784 1977 816 2026 et
839 1967 1038 2046 imperatorio
1059 1966 1186 2029 electori
1207 1963 1286 2028 diui·

136 2093 198 2155 que
223 2073 435 2134 lllsxnnmsm
464 2069 617 2152 praefecto
654 2070 829 2151 praetorio,
867 2070 979 2132 illustr.
1009 2071 1181 2133 Farosnrco
1214 2068 1286 2130 duci

109 2176 312 2253 ‘Saxonum
340 2197 448 2239 revera
478 2176 653 2250 rarissimo,
679 2173 795 2235 servire
826 2169 940 2234 nedum
971 2175 1110 2254 placere,
1138 2172 1287 2236 tenuioris

138 2279 277 2340 fortunae
299 2279 386 2353 viro,
405 2279 505 2359 qualis
528 2297 585 2356 ego
605 2297 685 2352 sum,
700 2297 763 2337 non
784 2274 889 2339 infima
912 2277 982 2337 laus
1004 2287 1066 2351 est,
1086 2276 1177 2358 quasi
1197 2273 1286 2354 dieat,

137 2380 279 2462 proxima
300 2378 339 2441 ad
351 2378 422 2442 deos
445 2392 503 2442 est:
525 2378 580 2442 sed
601 2392 634 2442 tu
656 2379 803 2457 inscitiae,
824 2379 872 2441 cui
894 2390 929 2440 ut
941 2379 1061 2440 numiui
1083 2390 1113 2440 te
1126 2374 1286 2457 devovisti,

142 2481 273 2557 servias,
293 2479 397 2563 quoad
419 2480 538 2543 libebit.
584 2556 590 2568 „
698 2544 702 2553 ,

222 2589 257 2648 Si
275 2587 389 2646 ductum
410 2597 464 2646 etc
486 2617 529 2631 -
573 2583 732 2664 Specimen
761 2582 916 2647 doctrinae
937 2595 1040 2646 tamen
1061 2603 1136 2662 prae
1155 2605 1190 2646 se
1212 2585 1284 2648 lert:

138 2685 177 2751 de
197 2688 409 2765 Amsrorann,
440 2688 606 2764 Hossrro,
640 2689 709 2751 aliis
736 2708 826 2750 nemo
848 2687 954 2749 nescit.
1008 2685 1170 2750 Laudatur
1192 2689 1282 2752 etiam

139 2790 318 2852 Amsrrrrns
341 2788 544 2870 Cyrenaicus,
571 2789 627 2870 qui
655 2789 753 2853 voluit
774 2810 843 2851 cum
869 2789 992 2867 regibus
1012 2789 1126 2850 visere.
1168 2786 1286 2865 Quodsi

139 2888 309 2954 discurrere
329 2892 461 2953 ostiatim
483 2904 514 2954 et
535 2893 731 2955 melancolico
753 2912 839 2953 more
861 2892 978 2974 absque
992 2891 1201 2971 Huroonars,
1221 2895 1286 2956 Ga·

139 3013 234 3070 seso,
255 2995 468 3072 Dioscomns,
487 2995 664 3071 Amorum,
695 2995 803 3057 ceteris
831 2994 928 3057 visere
947 3007 1088 3073 aegrotos
1109 2997 1287 3077 quempiam

139 3093 260 3158 doctum
284 3095 432 3175 effecerit,
457 3110 486 3159 te
508 3098 654 3160 comitans
674 3109 786 3179 aequat
807 3095 840 3157 in
862 3108 928 3157 arte
948 3097 1048 3172 mnis,
1075 3108 1187 3161 natura
1212 3116 1286 3161 vero

139 3199 322 3278 praestabit.¹

224 3302 317 3365 tusa
340 3325 391 3380 ego
411 3311 573 3367 sensatam
595 3316 650 3367 etc.
672 3336 713 3350 -
757 3303 821 3382 Ego
842 3303 1061 3376 Droscomnrs,
1092 3300 1163 3384 qui,
1177 3298 1287 3385 (Suros

139 3401 300 3483 referente)
329 3403 409 3464 inter
436 3407 548 3468 milites
578 3408 673 3468 evasit
701 3403 888 3466 medicorum
921 3402 1123 3465 doctissimus.
1176 3404 1288 3465 Nonne

140 3503 230 3566 etiam
251 3501 403 3583 principes
423 3505 557 3585 insignes
583 3509 676 3570 urbes
705 3501 900 3569 inhabitant?
942 3505 1007 3573 Nec
1029 3505 1100 3566 eatis
1122 3515 1183 3581 est,
1211 3505 1287 3585 Lip-

140 3625 274 3680 eensem‚
295 3604 348 3668 sed
368 3607 527 3687 Lipcieum
552 3623 672 3690 oportet
694 3606 782 3671 esse?

164 3740 196 3759 ··
223 3712 322 3772 Velia·
343 3734 426 3794 opere
448 3725 502 3774 etc.
523 3746 567 3759 -
621 3714 713 3791 Arte,
745 3732 808 3774 non
841 3732 935 3793 opere
967 3724 1106 3773 censetur
1133 3706 1281 3782 medicum

139 3833 218 3894 opus
237 3833 372 3897 osusque
393 3813 546 3878 desiderat
573 3816 732 3898 physicam
761 3815 930 3893 rationem,
960 3814 1100 3896 alioquin
1132 3807 1283 3874 mechani-

139 3937 207 3977 cum
228 3917 438 3980 aestimabitur
459 3931 488 3981 et
508 3919 682 3999 pistrinum.
1260 3968 1263 3974 ·

224 4023 260 4084 Et
289 4035 363 4085 certe
384 4022 504 4103 sumam
530 4036 585 4087 ete.
606 4058 650 4073 »-
701 4023 827 4087 Famam
860 4021 1018 4083 laboribus
1047 4019 1177 4093 elatam,
1210 4034 1290 4098 quae

140 4118 260 4182 virtutis
270 4144 348 4202 opus
368 4139 423 4202 est,
443 4147 506 4190 non
527 4125 679 4206 despicio:
700 4127 766 4191 sive
788 4125 866 4189 mihi
882 4136 1039 4202 accrescat,
1052 4124 1117 4188 sive
1131 4121 1291 4195 durescat,

141 4220 190 4281 vel
210 4220 248 4283 sit
272 4224 451 4305 lromotena,
472 4228 504 4289 in
525 4225 660 4291 medium
682 4228 834 4311 relinquo·
