2806 4800
683 190 706 262 7

314 381 368 445 lies
386 377 445 450 pius
468 388 495 430 et
511 393 615 430 summo
633 373 728 446 dignus
746 371 848 427 bonore
868 392 977 444 parens,

279 471 369 540 Quem
389 464 475 520 cuncti
495 464 633 519 unanimes
650 461 746 517 Christi
764 463 796 516 de
816 462 893 534 plebe
912 480 1069 536 sequamur,

315 558 353 610 Vt
370 555 473 609 rideant
489 565 580 626 gentes
598 573 646 606 nos
663 551 794 626 populum
813 572 866 604 esse
885 551 934 605 dei.

282 647 406 715 Vosque,
424 642 493 708 Itali,
511 641 632 715 inprimis
649 660 739 713 regem
758 641 892 694 observate
909 640 1073 714 benignum,

317 732 357 784 Ne
375 750 418 784 ros
435 730 550 785 deterior
566 731 690 798 subruat,
709 730 851 783 interimat.

283 821 345 875 Alea
363 822 427 874 iacta
446 820 553 892 quidem
573 831 611 874 est
630 821 736 892 perni13
754 817 914 872 Rhamnusia
934 816 1017 886 ludit,

315 911 401 982 Atque
417 909 584 980 indignatur,
603 929 653 963 nos
670 907 779 963 soluisse
797 909 894 961 minus.

272 997 380 1065 Nolite,
399 1019 417 1052 o
434 999 515 1055 virtus
532 997 666 1051 Germana
686 1009 712 1052 et
728 997 811 1073 vivida
830 996 926 1062 corda,

311 1089 440 1160 Desipere
462 1099 541 1160 atque
559 1086 615 1141 aliis
632 1085 754 1158 linquere
771 1086 847 1138 frena
865 1097 892 1138 et
910 1104 981 1156 opes.

277 1176 322 1230 Est
339 1176 438 1250 aliquid
457 1175 598 1242 membris,
616 1187 696 1248 eaput
714 1173 785 1228 orbis
803 1174 899 1228 babere
919 1159 1104 1237 monarcham,

311 1266 400 1334 Quem
421 1267 530 1321 timeant
547 1277 637 1337 gentes
655 1285 790 1339 regnaque
809 1276 905 1318 cuncta
923 1261 991 1325 soli;

276 1356 371 1426 Qualis
388 1344 574 1427 magnanimus
591 1354 674 1409 vietor
692 1355 772 1408 moda
793 1353 1003 1418 Maximillam,

311 1445 367 1513 Qui
385 1446 486 1498 fulmen
505 1444 567 1498 belli
586 1455 641 1510 est,
660 1444 732 1517 pacis
749 1453 852 1497 amator
869 1443 941 1497 item.

274 1533 407 1604 Principis
424 1533 492 1586 illius
509 1531 616 1587 mallem
633 1532 742 1586 iacuisse
761 1531 881 1603 profecto
919 1570 922 1575 -

311 1622 366 1675 Sub
386 1623 468 1694 pede,
487 1642 567 1695 quam
585 1622 684 1687 externi
703 1632 805 1692 sceptra
824 1620 911 1675 tulisse
931 1620 987 1674 riri.
1022 1628 1027 1637 '

275 1712 363 1764 Simus
382 1711 440 1763 ideo
462 1711 529 1763 cives
547 1711 641 1782 capiti,
660 1729 741 1782 rogo,
758 1709 861 1764 subdita
881 1710 1014 1772 membra;

312 1797 357 1849 Sic
372 1809 480 1868 patruus
496 1798 572 1851 nobis
591 1800 715 1852 manserit
732 1819 814 1870 usque
833 1799 921 1852 decor.

279 1881 405 1952 Egregiae
419 1885 518 1936 animas
536 1905 694 1956 proavorum
713 1888 872 1958 umbrasque
890 1906 1034 1958 sequamur

313 1968 461 2035 Maiarum,
480 1974 667 2042 (nequeenim
687 1975 846 2043 degenerare
866 1975 939 2042 licet)

277 2056 331 2124 Qui
352 2057 445 2111 virtute
462 2079 521 2127 sua,
540 2061 635 2114 sudore
653 2061 784 2132 armisque
804 2071 930 2131 pararunt

312 2145 436 2201 Fortibus
454 2148 596 2218 imperium
614 2148 855 2220 sceptrigerumque
873 2165 992 2202 manum.

277 2232 322 2286 Sic
342 2233 476 2288 Germana
492 2236 556 2289 deus
574 2255 655 2306 regna
673 2248 752 2308 atque
769 2236 868 2291 deifera
887 2246 972 2289 mater

310 2324 444 2397 Perpetuo
462 2323 602 2377 observent
619 2323 869 2399 Theutonicumque
887 2324 975 2381 decue·

173 2562 349 2634 Tractatus
372 2561 415 2633 de
438 2561 569 2659 origine
595 2562 825 2662 pestilentialis
853 2565 995 2636 Seorrae
1020 2562 1089 2635 sive
1115 2560 1205 2633 lllala

129 2682 171 2755 de
193 2684 341 2756 Franzos
364 2683 515 2781 magistri
538 2684 672 2755 losaru
699 2683 899 2756 Guvnrscn
924 2702 974 2756 aa
990 2684 1255 2756 ancnntvsen

499 2799 588 2876 felici
614 2803 724 2876 sidere
749 2804 878 2905 incipit.

212 2945 407 3028 Capitulum
425 2950 568 3029 primum
589 2947 626 3008 de
639 2948 776 3008 bominum
796 2948 888 3028 plagis
897 2968 946 3007 ssu
964 2947 1093 3026 flagellis,
1114 2947 1191 3004 ouius
1206 2953 1255 3018 est,

124 3074 165 3117 aa
185 3052 349 3113 naturaliter
370 3051 414 3127 uel
429 3051 675 3132 superrmturaliter·
698 3072 734 3112 ea·
753 3053 846 3113 diuina
865 3052 1002 3110 uoluntate
1017 3049 1186 3127 proueniant.

210 3153 316 3215 Solent
336 3149 507 3212 abditarum
528 3171 632 3212 rerum
652 3165 680 3213 st
702 3175 720 3210 a
740 3173 829 3212 seusu
858 3154 1041 3210 seclusarum
1068 3145 1255 3208 solertissimi
1324 3187 1327 3195 .

124 3255 315 3333 indagatores
334 3256 501 3312 humanum
524 3273 632 3331 corpus
654 3253 745 3312 variis
769 3249 912 3311 adversae
933 3247 1113 3311 valetudinis
1140 3251 1255 3311 ineam·

126 3357 226 3421 madia
247 3354 328 3416 affici
349 3354 445 3428 lateri,
468 3368 501 3415 ut
520 3354 564 3429 id,
586 3351 669 3434 quod
691 3375 709 3413 a
729 3367 790 3416 tam
812 3355 911 3417 variae
933 3370 960 3419 et
983 3356 1158 3436 multiplicis
1178 3377 1254 3438 qua·

125 3459 219 3523 litatis
239 3469 347 3519 natura
364 3456 499 3535 genitum
518 3457 574 3531 sit,
591 3477 653 3517 nau
674 3459 788 3532 valeat,
818 3458 878 3518 nisi
897 3461 935 3520 ab
963 3457 1069 3521 eadem
1089 3461 1179 3522 etiam
1200 3458 1253 3523 de·

125 3582 210 3626 mum
230 3561 345 3622 morbis
366 3557 534 3636 debilitari,
554 3559 653 3638 frangi
674 3580 810 3644 quoque,
832 3583 928 3644 quum
950 3583 1039 3625 omae
1058 3559 1109 3639 id,
1129 3586 1167 3626 ex
1188 3587 1251 3647 quo

56 3650 60 3665 ⁸
124 3684 295 3729 connexum
319 3677 376 3740 est,
403 3663 437 3724 in
467 3659 551 3729 illud
574 3675 729 3744 postremo
761 3663 946 3729 dissolvitur.
998 3668 1121 3728 Abeunt
1141 3670 1252 3730 etenim

123 3789 160 3831 so
181 3768 299 3847 omnia,
320 3765 400 3831 nude
423 3779 489 3829 orta
509 3778 589 3828 sunt.
634 3768 800 3849 Propterea
818 3769 943 3833 infinitis
963 3783 1030 3833 tum
1050 3770 1251 3834 familiaribus

103 3871 105 3874 ’
124 3869 354 3955 domesticisque
375 3872 490 3933 morbis
510 3872 666 3948 laborare,
694 3888 759 3936 tum
780 3876 895 3938 infestis
923 3877 1090 3958 alienisque
1119 3875 1250 3936 turbini-

124 3976 180 4036 bus
198 3971 305 4053 afiligi!
338 3970 427 4039 Uade
443 3986 477 4041 ,et
498 3975 601 4053 plures
622 3972 821 4039 admiratione
841 3977 940 4053 ducti,
961 3990 1127 4052 cernentes,
1156 3977 1249 4040 breve

123 4079 181 4138 lroc
199 4091 333 4159 tempus,
364 4079 458 4139 veluti
478 4091 622 4158 punctum
645 4078 740 4155 vitae,
772 4093 817 4142 tat
844 4083 1046 4162 periculorum
1078 4081 1249 4158 generibus,

123 4190 168 4239 tot
189 4180 319 4254 morbis,
339 4193 385 4242 tat
405 4179 502 4257 euris,
528 4193 674 4263 tantaque
694 4195 776 4244 metu
798 4183 979 4254 excruciari,
1008 4181 1073 4242 ausi
1102 4196 1172 4244 sunt
1202 4181 1249 4242 di·

123 4303 206 4359 cere,
227 4295 364 4346 naturam
385 4283 504 4347 bomini
524 4285 604 4345 nibil
622 4285 834 4365 praestabilius
862 4287 920 4346 lroc
940 4284 1026 4348 brevi
1051 4284 1130 4346 uitae
1152 4284 1248 4345 curri·
