2806 4800
646 226 721 301 236

121 437 191 479 aum
213 417 320 479 statui:
354 435 424 478 nam
446 435 515 477 cum
536 412 594 477 tibi
617 435 659 476 sx
679 411 864 476 astronomis
885 415 1117 487 Pannonicum,
1135 423 1179 473 'ex
1201 433 1267 475 me-

121 518 197 582 dicis
227 521 392 581 Gauranum
399 560 409 594 ,
441 540 482 581 ex
505 518 706 598 philosophis
722 519 866 578 Paruum
886 537 927 577 nr
949 517 1061 577 Anam
1091 516 1270 592 allegarem,

121 621 184 682 bus.
202 609 324 696 omnes,
345 641 480 703 qnorum
501 640 609 702 nequa.
631 619 723 700 (etsi
750 619 815 682 vivi
843 618 916 680 tibi.
933 615 1146 698 loquerentur)
1176 628 1269 695 aptus

119 723 243 784 scolaris
270 721 388 785 dinosci
413 741 534 804 posses,
570 721 796 802 suspectissima
822 732 875 782 tua
908 719 1157 800 praesumptione
1183 739 1268 781 enra-

119 824 202 884 v'issa
220 821 432 886 dicere'ausus
456 844 498 886 ss.
541 820 737 886 OirIvolnm
765 819 939 900 ingenium!
977 818 1007 884 0
1029 821 1112 883 mira
1132 820 1268 882 hominis

119 924 271 986 temeritas
294 925 492 1007 casuraque
515 944 641 986 censura
661 921 772 1002 digna,
803 924 877 1004 qui,
898 920 1037 984 nandum
1058 922 1268 996 tirosffsuus,

120 1037 279 1087 veteranos
300 1047 336 1087 ac
354 1027 388 1086 in
408 1038 474 1087 arte
488 1023 604 1085 medica
626 1023 935 1085 consummatissimus
958 1023 991 1081 in
1013 1023 1175 1084 certamino
1188 1042 1268 1101 fpro-

121 1145 228 1188 vocars
249 1145 313 1187 non
332 1128 459 1202 erubes,
480 1126 647 1187 Grannum
667 1124 780 1186 scilicet
801 1137 830 1186 at
853 1125 984 1185 Parnon
1000 1144 1040 1184 nn
1053 1121 1180 1188 Ausno!
1202 1124 1268 1201 Va·

114 1228 169 1290 nit
188 1225 322 1308 denique
347 1229 380 1289 in
400 1240 534 1289 mentem
555 1228 661 1288 lumen
690 1227 814 1289 unicum
834 1225 1267 1298 usturas,utH1anomos
1379 1276 1388 1293 ,

115 1330 418 1408 art,An1srormas,
440 1336 533 1412 quem
553 1330 749 1410 procaeituo
770 1349 824 1391 ore
845 1325 931 1391 baud
948 1325 1099 1403 admittes,
1117 1328 1268 1410 arbitror,

118 1431 185 1512 ipso
201 1431 340 1495 ¹secundo
359 1415 558 1514 physicorum
578 1434 773 1510 astrologiam
794 1431 949 1494 scientiam
971 1442 1075 1510 aperta
1089 1427 1179 1505 dixit,
1197 1449 1267 1491 cum

116 1535 178 1612 sit:
199 1536 332 1615 amplius
351 1536 515 1614 astrologia
535 1537 693 1597 autaltars
713 1547 760 1599 est
776 1547 833 1596 aut
851 1553 926 1613 pars
947 1533 1092 1614 physicae
1107 1543 1161 1594 stc.
1194 1531 1269 1594 ¹Nc·

118 1657 182 1719 qus
202 1637 282 1698 ratio
309 1633 407 1712 desit,
437 1635 660 1712 animadverte,
708 1635 867 1722 diversitas
883 1647 1020 1696 :anuum
1038 1663 1042 1693 2
1060 1618 1266 1697 diremitatem

116 1738 315 1800 scientiarum
336 1759 398 1799 non
419 1739 507 1800 iacit:
541 1758 613 1799 nam
632 1735 786 1812 ordinatio
811 1750 969 1811 motuum,
990 1736 1166 1814 signorum,
1186 1757 1268 1818 quae

118 1840 152 1900 in
171 1842 358 1903 astronomia
379 1854 423 1904 est
443 1841 640 1922 principium,
661 1852 707 1904 stt
726 1853 812 1902 actus
833 1837 968 1915 secundi,
989 1852 1064 1921 puta
1081 1838 1267 1908 iudiciorum

117 1944 385 2022 astrologicortuns
415 1944 531 2023 pariter
552 1943 642 2004 stiam
663 1940 814 2004 medicina
836 1939 875 2003 de
904 1943 997 2005 rebus
1024 1941 1177 2021 speculari
1207 1961 1268 2021 pro
1303 1975 1316 1997 a

118 2056 206 2123 parte
227 2066 287 2106 tina
317 2043 438 2120 docuit,
471 2065 530 2124 pro
550 2047 645 2107 altera
675 2065 750 2108 vero
776 2041 926 2125 operandi
957 2041 1103 2118 modum,
1123 2055 1199 2122 puto
1220 2042 1269 2104 di·
1336 2047 1338 2050 ’

118 2145 263 2227 gerendi,
282 2147 459 2225 minuendi,
488 2148 672 2226 evacuandi,
706 2145 916 2223 confortandi,
936 2143 1172 2226 emplastrandi,
1206 2165 1268 2206 una

120 2247 253 2331 denique
272 2251 396 2313 scientia
423 2263 453 2312 et
473 2251 598 2312 babitus
617 2271 716 2328 unus3
754 2270 853 2332 quare
874 2268 964 2309 nemo
985 2248 1119 2326 ambigat
1139 2249 1269 2312 astrolo-

118 2352 201 2432 giam
221 2365 251 2416 et
269 2353 487 2416 astronomiam
509 2354 664 2416 scientiam
686 2375 790 2415 unam.
832 2350 892 2415 Sed
908 2372 1002 2434 quam
1014 2350 1174 2413 efficaciter
1193 2370 1270 2430 pro·

118 2453 226 2534 ponis,
247 2455 412 2530 mirantur,
434 2475 497 2517 non
517 2455 558 2516 sit
577 2455 742 2534 astrologia
760 2453 840 2514 ratio
860 2455 1045 2528 multorum,
1067 2450 1269 2533 quemadmo-

120 2554 193 2617 dum
213 2555 352 2638 reliquae
377 2557 528 2633 scientiae,
548 2577 617 2618 cum
633 2554 761 2638 quidem
780 2555 929 2616 rationem
951 2555 1124 2616 furtstuam
1148 2565 1178 2615 et
1190 2556 1268 2616 aiio·

118 2678 189 2719 rum
212 2658 352 2738 imperite
375 2659 621 2735 vaticinantium,
643 2658 699 2741 qni
718 2655 758 2718 ad
777 2657 987 2735 magisterium
1006 2658 1080 2717 artis
1111 2659 1270 2736 aspirave-

118 2760 199 2834 rint,
234 2761 414 2842 priusquam
436 2761 610 2825 rudimenta
634 2763 714 2824 nacti
739 2775 856 2838 essem,
882 2762 1064 2823 turbaverit:
1095 2761 1204 2822 efficax
1224 2777 1269 2824 est
1357 2794 1360 2801 ·

119 2880 243 2938 retem,
277 2862 336 2922 sibi
366 2865 492 2941 etenim,
513 2867 541 2926 si
567 2868 659 2927 stul-ta
680 2884 771 2943 agens
792 2867 976 2942 infatuetur,
996 2865 1176 2947 imputabit,
1197 2888 1268 2929 -non

120 2962 196 3026 arti:
228 2977 344 3046 quanto
366 2988 505 3050 vnamque
526 2969 656 3031 scientia·¹
670 2970 851 3046 sublimior,
878 2984 963 3033 tauto
992 2965 1270 3035 catstiorsmr'inda-

118 3071 416 3152 poteramrequirit.
459 3071 607 3133 Tametsi·
624 3072 729 3133 circuli
751 3069 938 3154 quandoque
970 3086 999 3135 et
1019 3075 1080 3134 alin
1100 3072 1269 3150 imaginen-

121 3181 173 3230 tur
195 3170 227 3230 in
245 3172 450 3248 astronomia,
470 3195 526 3235 nec
547 3194 624 3236 vana
645 3187 735 3250 sunt,
754 3179 823 3236 cum
847 3177 938 3236 etiam
952 3178 1047 3236 reales
1067 3174 1271 3254 partes-coeii

121 3271 198 3353 sint,
229 3271 306 3333 sicut
337 3270 496 3337 duodecim
524 3275 647 3355 signa,
667 3279 773 3339 stelias
809 3276 905 3353 fixae,
939 3269 1053 3358 quibus
1085 3276 1269 3336 innituntur.

122 3376 280 3436 Praeterea
301 3375 385 3456 quod
408 3376 517 3440 donnus
538 3382 651 3442 variari
673 3380 762 3458 dicis,
783 3383 816 3443 in
838 3382 912 3442 artis
932 3382 1015 3444 venit
1035 3379 1269 3460 perfectionem:

124 3495 194 3535 nam
216 3478 260 3536 sic
280 3497 319 3536 cx
338 3479 385 3538 rei
406 3492 534 3557 natura,
555 3495 629 3560 puta
654 3495 753 3543 terrae
775 3481 983 3563 dispositione,
1004 3484 1178 3556 variantur,
1199 3480 1270 3542 ubi-

124 3597 243 3658 cunque
265 3579 346 3638 enim
367 3581 438 3661 quis
466 3586 675 3660 constituitur,
696 3606 817 3665 semper
837 3605 893 3646 sex
921 3587 1007 3662 signa
1035 3602 1128 3664 supet·
1157 3595 1268 3649 tetram

81 3676 85 3686 ’
125 3691 159 3745 ab
176 3701 231 3743 sax
260 3681 341 3742 inira
361 3684 506 3761 babebit,-
535 3689 604 3749 licet
636 3703 763 3768 propter
782 3680 1005 3772 >obliquitatem
1039 3684 1156 3748 zodiaci
1182 3687 1265 3763 signa

124 3785 373 3866 aequalitatum
396 3785 577 3851 dividuntur
605 3793 637 3852 in
661 3791 788 3870 domus,
818 3805 1106 3872 oportunumque
1131 3783 1267 3869 cuspides

123 3885 163 3952 ud
173 3901 296 3979 ,ternam
326 3890 448 3952 reiense
462 3905 518 3954 etc.
569 3896 671 3956 Habet
698 3895 963 3975 ergo.1astrologia
991 3914 1110 3955 caussam
1139 3889 1270 3953 arabus

125 4001 157 4050 et·
177 4009 237 4050 non
256 3993 296 4052 ab
316 3992 532 4071 imaginatione
547 3999 646 4057 solum
667 3996 892 4076 procedentem,
913 4009 943 4058 et
966 3996 1011 4057 sic
1027 3995 1270 4056 abstrahentiam

126 4090 223 4153 etiam
238 4092 403 4156 seussndum
424 4098 668 4176 philosophum,
696 4101 749 4160 nbi
777 4121 889 4178 supra,
919 4111 1047 4160 nonest
1069 4095 1273 4172 mendacium,

100 4234 103 4239 -
127 4211 198 4252 stam
229 4194 456 4258 mathematicae
493 4199 634 4260 scientiae
657 4221 682 4260 a
700 4203 836 4273 ,rnatsria
872 4202 1081 4263 abstrahentes
1107 4201 1140 4259 in
1170 4200 1274 4278 primo

128 4291 225 4371 gradu
246 4306 316 4355 sunt
337 4297 534 4362 certitudinis.
579 4300 683 4362 Velim
706 4315 735 4362 at
757 4321 823 4380 ego,
845 4314 903 4361 tua·
919 4301 1274 4385 bene-subsisteretopi·

482 4434 498 4468 fl
