2806 4800
721 261 796 356 130

557 449 586 508 b.
631 445 715 509 Cor.
747 445 962 510 secundum.

270 568 465 654 Quamquam
486 569 588 631 morbi
609 591 648 632 cx
672 570 840 632 mutatione
869 570 949 631 aeris
983 568 1014 628 in
1047 570 1247 652 qualitatibus
1269 575 1337 655 epi·

182 672 327 736 demiales
347 672 500 750 dicantur,
524 692 585 734 non
608 684 708 734 tamen
731 693 770 732 ex
791 673 851 733 hoc
863 684 942 734 recte
958 671 1095 752 pestiferi
1108 689 1335 755 nuncupantur.

557 896 592 966 C.
645 893 831 968 Conclusio
856 895 963 966 tertia.

268 1051 400 1114 Morbus
421 1049 483 1112 iam
506 1071 629 1113 currens
651 1061 681 1112 ct
694 1038 797 1113 'ceteri
817 1051 955 1132 pestiferi
977 1071 1016 1112 ex
1037 1049 1146 1112 formis
1167 1050 1243 1113 coeli
1263 1073 1336 1113 cau-

185 1155 243 1216 sati
264 1173 326 1215 uon
346 1149 519 1214 immediate
541 1173 581 1213 ex
603 1153 769 1214 universali
799 1173 888 1216 eausa
921 1165 951 1215 et
972 1152 1093 1215 coelesti
1114 1153 1179 1214 siue
1201 1155 1337 1241 particio

184 1257 248 1321 lari
267 1271 297 1321 et
313 1256 455 1337 tet-rastri
476 1269 548 1322 sunt
562 1258 711 1337 generatis

420 1508 423 1517 ,
493 1418 507 1424 ⁰
576 1449 603 1488 a.
649 1427 734 1491 Cor.
764 1430 938 1522 primum,

271 1546 305 1610 si
326 1567 414 1610 causa
436 1518 618 1610 uniuersalis
634 1548 770 1612 coelestis
790 1547 940 1611 sufficeret
960 1540 1001 1608 ad
1022 1544 1129 1609 talium
1152 1516 1344 1636 morborum,

187 1650 428 1728 generationem,
447 1651 480 1710 in
501 1651 644 1714 omnibus
665 1653 739 1715 locis
759 1652 851 1713 simul
872 1665 902 1714 et
922 1650 1091 1732 acqualiter
1113 1669 1174 1710 uuo
1196 1662 1337 1728 tempore

188 1749 359 1813 videremus
384 1753 602 1832 operationem.

556 1925 588 1986 b.
637 1922 727 1987 Gor.-
751 1921 1005 1989 secuudum.

272 2042 495 2105 Malaitancum
515 2062 579 2116 non
602 2063 641 2105 ex
661 2045 742 2107 airis
761 2044 798 2105 in
830 2040 983 2107 caliditate
1012 2054 1041 2105 et
1062 1997 1245 2107 humiditate
1267 2064 1346 2124 mur

103 2175 109 2185 x
187 2145 301 2206 tatione
322 2149 420 2207 solum
443 2144 597 2227 procedit,
620 2144 671 2209 sed
697 2170 737 2212 ex
758 2144 926 2230 quadarn'
916 2167 949 2209 ιιι
967 2153 1037 2212 a‘e're
1057 2149 1172 2240 occttlta
1194 2149 1343 2230 proprian¹⁴

188 2261 249 2309 tate
268 2250 409 2312 homines
430 2247 532 2310 laedit.

483 2471 548 2543 I)·.·
583 2468 808 2543 Conclusio
800 2471 1032 2599 impertinens.

274 2621 358 2683 Licet
379 2624 543 2710 astrologia
569 2600 640 2708 pais
659 2592 835 2688 medicinae
869 2646 932 2686 non
969 2592 1103 2700 dicatur,
1135 2603 1279 2686 multum
1283 2587 1337 2686 la

190 2745 259 2786 men
281 2723 398 2787 medico
422 2728 561 2806 utilis,
552 2749 615 2794 imo
639 2730 852 2806 necessaria,
856 2741 891 2792 ut
911 2727 1086 2790 conciliator
1112 2729 1222 2801 refert,
1251 2749 1333 2789 com·

190 2829 347 2917 probatup.

470 3010 473 3017 ’
513 3018 516 3025 ·
558 2983 563 3035 3
603 3023 631 3064 a.
675 3001 757 3064 Cor.
786 2983 932 3065 finale,
1334 3084 1337 3091 .

274 3116 389 3182 Medici
408 3133 535 3201 possunt
555 3141 594 3183 ex
614 3121 857 3202 aegritudinibus
878 3137 1007 3186 ventura
1028 3107 1270 3205 prognosticam,
1284 3100 1336 3183 'si-¹

190 3221 302 3285 militer
321 3224 491 3304 astrologus
514 3246 553 3286 cx
573 3226 661 3290 astrIs
683 3227 786 3290 futura
805 3224 989 3308 praedicare.

400 3504 406 3517 ,
500 3486 527 3519 a
486 3500 973 3627 Coucltlsio'finalis'

275 3608 435 3740 Morbus
424 3694 485 3742 taut
500 3694 640 3761 currens,
660 3687 775 3748 melum
791 3688 934 3750 francum
950 3690 1149 3775 appellatus,
1177 3701 1238 3746 nou
1262 3694 1336 3762 pro·

140 3869 144 3874 1
189 3779 256 3860 pria
274 3782 357 3841 male
377 3773 594 3863 morigeratum
616 3783 731 3864 dimin,
751 3803 813 3851 non
827 3804 872 3850 cx
893 3793 1061 3854 mutatione
1082 3790 1160 3880 atris
1174 3789 1212 3844 tn
1233 3785 1335 3863 quali-

189 3884 301 3946 tatibus
328 3885 512 3964 manifestis,
541 3900 616 3967 puta
643 3888 741 3953 calido
771 3905 800 3954 et
829 3890 976 3967 humido,
1005 3890 1084 3954 s'etl
1085 3877 1125 3950 ex
1154 3886 1312 3946 occulta
1301 3900 1340 3947 ιιι

190 3992 259 4048 aere
280 3988 465 4068 proprietate
487 4002 532 4052 est
553 4005 700 4055 causatus.
752 4078 755 4083 Ι

201 4202 215 4215 ..
260 4187 263 4194 ,
318 4157 502 4237 Impressum
524 4161 726 4244 Lypttlmper
747 4163 891 4224 Minoum
913 4159 1042 4219 Baistor
1060 4182 1090 4221 a.
1114 4162 1207 4222 1498.

594 4353 891 4378 ‚.———-*—-*'
922 4352 925 4360 ⁷
1287 4372 1290 4379 ι

1173 4393 1194 4426 ,ιι
1268 4392 1300 4436 »ti
1327 4396 1330 4403 ,
