2806 4800
669 222 748 298 274

135 413 307 481 ticnlerium
328 413 463 475 occultes
482 410 679 493 proprietatis
698 430 761 473 non
784 420 883 490 petest
903 410 1016 474 efferre
1036 432 1161 488 censos,
1186 417 1291 479 multo

136 517 237 579 minus
257 515 317 596 ipsi
336 513 488 590 creditur,
506 533 680 577 conoessum
700 513 931 589 univmsttum,
951 513 1125 578 cuius-odi
1143 531 1217 582 sunt
1238 521 1291 580 in-

136 617 278 681 fluentiae
297 620 458 695 coelestes,
479 637 569 697 posse
590 617 754 698 assignare.
796 616 861 679 Nec
881 628 992 692 tentem
1012 616 1098 700 quod
1118 619 1290 696 contendis,

136 724 292 805 seqnitur:
312 719 418 783 abdite
438 733 469 782 et
489 723 606 784 occulta
621 733 694 784 eunt
715 717 867 803 quinetiam
888 718 1020 783 uredine·
1037 723 1087 800 (nt
1113 724 1291 802 proprietas

136 825 283 888 scamonii
303 837 334 886 et
353 821 510 907 aliorum),
531 843 666 906 quorum
687 844 794 884 causae
815 843 834 884 e
853 823 992 903 physicis
1001 823 1115 885 nostrie
1130 842 1194 885 non
1214 846 1291 905 poe·

138 940 210 991 sunt
228 925 350 1004 efferri3
369 923 442 987 ideo
464 939 585 1006 praeter
608 926 688 988 a'e‘ris
709 924 922 1004 intemperiem
952 925 1054 987 morbi
1081 946 1122 987 ex
1147 946 1186 987 ee
1217 948 1290 988 ceu·

138 1030 195 1094 esti
216 1030 331 1092 hebent
351 1031 401 1092 eui
421 1042 510 1091 ortus
532 1031 625 1093 aliem
643 1031 793 1092 occultem
816 1048 948 1091 mttsem.

226 1135 331 1196 Unicus
359 1136 526 1196 monstrabis
557 1145 613 1197 etc.
632 1168 676 1183 ·-
736 1133 866 1196 illustris
900 1135 992 1196 Pecus
1027 1155 1067 1197 ex
1096 1134 1292 1215 principibus

140 1237 350 1298 annnunir
372 1259 406 1298 nc
427 1235 552 1298 divinus
572 1237 684 1298 Musue
705 1234 823 1296 dudum
846 1249 1104 1300 monstraverunt.
1157 1238 1291 1301 Possunt

141 1360 274 1421 nemque
296 1341 371 1400 haec
390 1352 420 1401 et
440 1336 472 1400 id
494 1359 589 1420 genus
609 1339 723 1400 similiu
744 1338 777 1398 in
798 1339 930 1401 calorem
950 1339 1028 1401 coeli
1048 1338 1143 1422 (quae
1156 1341 1290 1421 qualitas

140 1440 292 1504 sensibilis
312 1439 370 1526 est)
390 1441 613 1502 rationabiliter
634 1441 761 1517 referri,
786 1441 843 1522 qui
863 1461 923 1521 pro
944 1442 1029 1503 venie
1056 1442 1106 1505 sui
1125 1444 1291 1523 paticipa-
1327 1465 1330 1471 ·

140 1547 223 1608 tione
242 1567 278 1607 ec
299 1545 481 1607 multiformi
501 1566 644 1607 memore
667 1546 702 1606 in
722 1547 816 1607 rebus
836 1545 994 1608 mirabiles
1022 1544 1113 1607 efficit
1134 1548 1292 1626 operatio·

141 1670 203 1712 nes.
246 1649 357 1710 Mesun
379 1669 513 1730 namque
524 1647 614 1710 dicit:
634 1647 687 1710 sed
710 1649 784 1730 quie
804 1650 928 1712 coelesti
942 1650 1058 1712 virtute
1080 1648 1219 1711 dotatum
1242 1671 1293 1710 re·

141 1755 264 1834 gulunte
285 1752 381 1831 ipsius
404 1752 599 1813 mixtionem:
634 1753 710 1814 coeii
738 1766 840 1814 nutem
870 1755 971 1816 virtue
998 1755 1081 1814 celer
1109 1766 1154 1815 est
1181 1755 1293 1829 ulmus,

57 1828 64 1850 ⁶
142 1853 278 1917 vivificus
300 1853 501 1934 omniumque
522 1855 708 1934 operativae.
759 1853 820 1919 set
841 1876 936 1937 quem
968 1857 1019 1917 vel
1036 1858 1137 1933 legere
1164 1857 1216 1918 rel
1243 1856 1294 1916 in·

141 1958 278 2037 telligere
298 1957 410 2032 nescis,
440 1957 529 2038 sequi
556 1955 714 2038 quomodo
743 1954 854 2038 potes?
907 1959 966 2019 Per
986 1956 1185 2036 participium
1207 1958 1293 2019 enim

142 2083 209 2124 cum
232 2062 401 2122 accusativo
423 2072 456 2120 ut
477 2060 838 2138 regulantemixtionem
867 2059 927 2138 legi
948 2056 1074 2134 debere,
1107 2079 1171 2119 nou
1200 2080 1294 2138 regu·

141 2168 223 2226 lente
244 2163 411 2238 mixtione,
442 2162 539 2223 literis
566 2159 725 2242 proditum
757 2173 819 2239 θοις
861 2160 978 2222 nullius
998 2159 1081 2222 enim
1103 2160 1149 2221 rei
1179 2161 1292 2223 mixtio

141 2267 260 2345 regulet
280 2265 426 2326 virtutem
447 2266 540 2340 coeli,
562 2262 615 2326 sed
636 2265 723 2344 ipsu,
742 2285 806 2347 que
828 2275 874 2325 cst
893 2263 1033 2325 omnium
1054 2262 1171 2343 prime,
1193 2276 1224 2326 et
1244 2285 1293 2326 re·

144 2351 215 2447 gnta
233 2380 277 2429 est
297 2380 325 2430 et
347 2368 426 2429 ratio
446 2379 541 2448 utque
562 2387 715 2428 mensure.

231 2472 317 2531 Cuius
328 2493 448 2531 causum
463 2483 494 2532 ut
503 2474 569 2532 talis
583 2477 696 2548 ignorat
709 2483 816 2532 etc-
845 2467 1020 2546 Dissonnm,
1041 2491 1134 2552 quum
1149 2467 1291 2543 didicisti,

146 2573 325 2635 cantilenam
345 2592 436 2652 saepe
455 2573 583 2652 repetis3
605 2571 659 2638 sed
680 2570 824 2655 nunquid
846 2592 945 2651 nuper
958 2568 1092 2635 didicisti
1104 2584 1160 2634 eut
1178 2569 1293 2634 diesem

146 2697 207 2738 non
230 2675 293 2752 vie,
320 2682 438 2755 aerem,
467 2677 541 2760 quie
563 2675 814 2757 distemperatum
835 2688 865 2738 et
892 2688 1089 2762 corruptum,
1112 2672 1192 2738 'ideo
1212 2675 1295 2737 tebi-

145 2780 235 2841 ficum
255 2791 347 2860 utque
368 2798 556 2843 venenosum
579 2799 652 2856 esee,
672 2777 743 2840 ideo
755 2790 855 2840 sutem
877 2777 1138 2860 corrumpi,'quin
1159 2796 1199 2839 ex
1219 2797 1294 2838 con-

146 2881 398 2956 oecumenicos
426 2883 618 2962 imperfecte,
640 2883 783 2944 mixtum.
826 2882 910 2943 Haec
941 2902 1015 2944 tero
1036 2882 1147 2945 mixtio
1168 2878 1294 2943 medicis

146 2985 341 3061 incensent,
370 2983 519 3047 incertum
546 3006 672 3067 quoque
700 2982 909 3046 dissolutionis
934 2996 1072 3064 tempus,
1103 2992 1294 3064 quapropter

147 3088 322 3150 monuimus
344 3090 481 3170 apprime
503 3089 603 3155 notari
624 3089 753 3151 verbum
775 3087 923 3150 adrentus
944 3088 978 3148 in
998 3087 1171 3149 Avrcnunu.

233 3195 378 3255 Prusiam
400 3196 570 3276 quandoque
590 3205 619 3254 tc
639 3205 694 3255 etc.
715 3225 760 3240 -
780 3193 815 3252 ln
836 3191 969 3266 virtute,
989 3211 1069 3272 ques
1090 3188 1175 3251 vitiis
1194 3187 1296 3250 omni·

148 3294 257 3354 seriam
278 3295 461 3372 opponitur,
484 3297 627 3357 honestas
656 3293 808 3373 consistit;
838 3292 987 3356 invidiam
1007 3304 1110 3370 nvem
1137 3303 1169 3353 et
1187 3310 1297 3371 super·

150 3393 232 3453 bium
252 3406 337 3456 tento
356 3396 500 3458 omnibus
521 3397 603 3459 vitiis
624 3396 774 3478 nequiore
795 3407 825 3456 et
835 3395 876 3454 nb
897 3397 1056 3456 honestate
1075 3392 1218 3471 longiore
1227 3413 1297 3454 nen·

150 3514 218 3570 seo,
247 3506 363 3576 qusnto
383 3496 561 3560 hominibus
584 3511 613 3560 et
633 3499 720 3579 peior
741 3510 770 3558 et
792 3497 984 3559 inhonestior
1003 3508 1048 3558 eet
1067 3493 1216 3571 daemon,
1242 3495 1297 3576 qui

149 3597 216 3657 eolo
245 3595 408 3674 superbies
438 3611 468 3658 et
494 3595 629 3659 invidiae
657 3598 734 3660 vitio
755 3597 964 3662 inflammetur
991 3609 1023 3659 et
1053 3607 1160 3659 tumet.
1216 3595 1295 3659 Sub·

149 3697 355 3777 sumptionem
383 3710 486 3761 utitem
515 3700 574 3760 tibi
598 3701 760 3785 relinquo,
795 3684 853 3784 qui
883 3713 914 3763 et
943 3699 1092 3778 superbie
1119 3710 1162 3761 et·
1179 3693 1293 3761 invidie
1400 3718 1402 3725 ¹

151 3813 287 3864 extreme
308 3821 357 3863 me
379 3801 437 3864 tibi
456 3821 516 3882 pro
537 3803 672 3866 veritatis
691 3803 868 3866 defensione
887 3798 1073 3882 respondere
1093 3795 1252 3881 impulisti.

237 3908 302 3975 Hoc
329 3920 356 3968 et
385 3907 546 3967 Amoenus
579 3920 633 3971 etc.
656 3943 698 3955 -
750 3910 883 3984 Totum,
913 3918 950 3969 ut
972 3925 1069 3986 supra
1091 3903 1299 3978 discernimus,

151 4023 210 4082 pro
230 4008 398 4087 uobises13
419 4005 490 4070 ideo
511 4010 584 4071 hinc
604 4025 802 4072 transeamus.

238 4109 409 4170 Hieromus
431 4117 515 4172 etium
537 4126 592 4174 etc.
614 4147 655 4159 --
692 4110 784 4186 Quod
806 4113 1018 4173 Hmeecntnus
1040 4110 1130 4172 tertie
1150 4111 1301 4190 pertimtle

152 4207 398 4286 aphorismorum
421 4215 545 4274 morbos
565 4216 724 4294 pestiferos
746 4234 809 4275 nou
831 4212 1085 4294 comprehendet,
1112 4233 1198 4274 eurus
1219 4221 1302 4272 certe

152 4309 347 4388 gravissime:
369 4323 433 4373 tum
455 4313 540 4396 quod
561 4314 654 4378 adid
678 4314 872 4398 probandum
895 4317 1052 4380 thnnms
1071 4316 1156 4394 citus,
1176 4311 1232 4379 ced
1246 4311 1303 4373 nbi
1330 4358 1335 4367 .

354 4570 359 4607 i
