2806 4800
286 922 484 1023 Praecipuis
511 922 688 1023 Lipeensis
716 921 888 1026 gymnasii
918 922 1192 997 moderatoribus

438 1044 631 1115 Maturus
656 1045 922 1116 Mennuusmor
949 1047 984 1116 S.
1011 1042 1044 1114 d.

171 1225 328 1389 Quibus
362 1285 548 1375 insolentiis,
583 1311 660 1382 quot
674 1306 677 1310 '
691 1287 876 1382 quantisque
914 1295 1170 1363 sollicitudinibus
1202 1297 1314 1360 veritas

168 1401 369 1482 altercationis
403 1401 484 1464 inter
517 1423 567 1462 me
600 1414 629 1462 et
663 1399 815 1484 quendam
848 1399 947 1486 (cuius
975 1423 1104 1477 nomen,
1144 1399 1218 1482 quia
1251 1419 1315 1461 non

171 1503 308 1580 nescitis,
343 1505 464 1566 silentio
498 1503 669 1584 praetereo)
702 1502 817 1566 diutius
848 1517 877 1566 et
908 1505 942 1565 in
979 1506 1063 1565 hune
1097 1523 1194 1584 usque
1231 1499 1314 1562 diem

169 1603 342 1667 fluctuantis
354 1606 542 1687 agitataeque
558 1605 671 1665 laniata
691 1604 729 1666 sit
741 1618 769 1667 et
784 1625 938 1692 oppressa,
958 1607 1012 1688 qui
1034 1607 1163 1684 ignorat,
1183 1604 1209 1665 is
1224 1601 1316 1668 debet

171 1709 251 1768 velle
276 1705 383 1769 audire
412 1728 487 1784 vos,
517 1707 632 1788 optimi
649 1705 709 1768 viri
730 1727 765 1768 nc
791 1697 1000 1788 spedatlssimi
1032 1717 1151 1786 patres,
1177 1710 1315 1788 qnorum

171 1810 444 1871 concertationibus
465 1809 577 1870 nostris
597 1821 627 1870 et
647 1809 730 1869 illius
752 1811 929 1890 praecipue,
961 1809 1000 1871 de
1020 1830 1084 1891 quo
1105 1810 1194 1870 nobis
1214 1829 1315 1871 sermo

107 1982 111 1992 ἱ
169 1911 325 1974 institutus
346 1926 407 1987 est,
428 1912 581 1986 inanibus,
602 1908 726 1972 tumidis
743 1906 1056 1990 er‘girmentationibus
1077 1934 1165 1974 aures
1187 1914 1316 1990 ealttere,

136 2068 138 2073 .
171 2036 247 2097 quas
267 2014 753 2079 cumulatissimashonestissimo
775 2027 876 2077 restro
891 2014 1071 2095 'conspectui
1098 2012 1261 2095 impudens
1280 2035 1316 2075 ae

169 2119 305 2197 partium
327 2099 407 2180 docti
427 2116 617 2198 niodestique
649 2117 709 2178 viri
729 2117 851 2195 pertitus
881 2130 991 2196 expers
1020 2117 1122 2178 minus
1156 2115 1317 2179 dubitabat

170 2222 292 2282 afferre.
334 2221 392 2280 Eas
413 2220 440 2280 si
462 2217 688 2278 dissimulanter
709 2238 791 2277 nunc
813 2220 989 2296 tulerimus,
1011 2219 1177 2282 verendum
1200 2221 1257 2294 sit,
1277 2239 1315 2278 ne

171 2322 359 2401 optimorum
380 2329 472 2398 atque
492 2317 727 2377 clarissimorum
759 2318 897 2380 virorum
925 2318 1114 2382 defensorem
1145 2321 1216 2383 satis
1248 2319 1319 2380 dili·

172 2433 291 2500 gentem
313 2418 408 2496 egisse
428 2414 553 2492 ridear,
574 2436 676 2498 neque
697 2415 788 2477 deum
810 2420 1042 2503 maximumque
1064 2425 1214 2503 optimum
1235 2422 1319 2483 inul-

144 2569 146 2575 -
172 2536 221 2585 tse
240 2521 375 2585 veritatis
396 2517 547 2598 vindicem
559 2539 691 2598 ,gravem
703 2533 873 2612 :expectare
887 2523 1056 2589 habeamus
1075 2545 1240 2587 necessum.
1283 2526 1317 2585 ln

70 2688 72 2691 ,
173 2646 266 2708 quem
285 2622 399 2686 iudicio
411 2635 511 2686 vestro
526 2623 552 2684 si
569 2619 666 2684 dirius
682 2617 735 2685 artt
756 2625 965 2703 expectatione
984 2627 1122 2689 licentius
1136 2630 1184 2690 vel
1206 2626 1320 2689 dictum

172 2728 219 2788 sit
233 2749 252 2787 a
273 2748 338 2803 me,
361 2729 410 2790 vel
429 2747 511 2790 nunc
531 2725 564 2807 (a
586 2739 774 2808 quotatnen
796 2725 898 2808 quoad
919 2725 1123 2808 fieripotsst,
1144 2730 1223 2792 mibi
1242 2742 1320 2791 tem-

62 2841 69 2848 “
172 2828 301 2911 parabo)
322 2828 455 2905 dicetur,
479 2826 572 2893 adid
593 2831 680 2891 nstllo
700 2827 773 2895 odio
795 2830 934 2909 privato,
961 2833 1056 2895 stillis
1079 2830 1221 2898 ,invidiae
1249 2833 1322 2893 laci·

174 2936 232 2996 bus
257 2932 498 3007 inflammatum,
536 2951 592 2994 uec
622 2929 817 2995 ostentandae
845 2929 1013 3009 doetrinae,
1043 2931 1096 2996 sed
1120 2933 1322 2997 monstrandi

175 3035 257 3113 veri,
284 3035 369 3097 cuius
390 3034 564 3115 cognitione
579 3036 709 3103 ¹nullum
736 3033 841 3096 animo
871 3035 999 3117 suarius
1020 3049 1068 3098 est
1089 3039 1260 3118 pabulum,
1293 3051 1323 3099 et

135 3188 139 3195 .
173 3135 590 3215 ornandae,fflillustrandae,
619 3135 835 3221 propagandae
864 3134 997 3220 denique
1025 3152 1146 3202 nostrae
1173 3141 1322 3202 facultatis

173 3261 295 3316 antone,
324 3239 410 3322 quod
432 3255 520 3303 antea
541 3242 602 3302 iam
626 3253 810 3320 protestatus
829 3261 916 3318 sum,
931 3253 1061 3317 actum,
1083 3243 1250 3322 impulsum
1273 3263 1321 3302 me

174 3342 368 3417 existimetis,
398 3363 490 3423 quam
513 3363 570 3420 per
589 3343 746 3423 reliquum
776 3343 881 3405 aetatis
909 3364 992 3406 meae
1020 3358 1156 3421 attotam,
1187 3345 1321 3405 maxime

175 3439 328 3500 defensam
346 3460 404 3518 pro
418 3442 502 3502 virili
513 3460 634 3519 semper
648 3442 749 3503 velim.
793 3441 966 3506 Obscurum
977 3458 1078 3506 autem
1092 3447 1179 3507 vobis
1189 3467 1251 3507 non
1267 3458 1321 3519 est,

175 3539 346 3619 gravissimi
359 3539 436 3616 riri,
457 3560 519 3621 qua
539 3541 705 3600 verborum
727 3543 876 3620 ingluvie,
895 3547 990 3619 rabie,
1013 3550 1156 3622 procella,
1174 3568 1237 3628 qua
1258 3548 1322 3608 oris

74 3703 77 3707 ,
174 3641 358 3724 petulantia,
380 3661 441 3722 qua
462 3639 595 3722 denique
615 3642 719 3702 vultus
741 3647 921 3705 truculentia
950 3647 1215 3708 celeberrimorum
1236 3647 1321 3704 viro·

174 3765 246 3808 runt
265 3743 299 3804 in
322 3741 439 3803 haeresi
458 3753 563 3802 nostra
583 3751 670 3801 extra
691 3760 812 3802 ousnetn
833 3747 930 3805 aleam
966 3742 1119 3804 doetrinae
1149 3744 1321 3823 positorum

77 3852 79 3864 '
175 3844 405 3924 testimonium,
443 3863 502 3924 pro
541 3833 717 3906 defensione
749 3841 868 3905 domini
897 3847 1064 3906 Lnourcnur
1104 3865 1153 3905 me
1184 3846 1321 3923 allatum,

176 3968 321 4027 respuere
340 3945 559 4027 aspernarique
582 3967 674 4008 susus
700 3959 757 4022 est,
777 3947 873 4023 nulla,
893 3943 977 4028 quod
999 3946 1114 4007 nemini
1134 3969 1196 4022 non
1212 3948 1321 4029 liquet,

177 4051 295 4112 ratione
322 4048 452 4112 adducta
487 4049 641 4111 suffultus.
700 4051 745 4110 lta
774 4050 807 4108 in
836 4068 887 4110 eos
915 4047 1094 4110 debacchari
1128 4053 1319 4133 grassarique
1384 4078 1390 4085 ·

179 4170 250 4212 eum
270 4151 416 4226 novistis,
437 4162 471 4212 ut
491 4150 620 4230 ineptias
639 4170 710 4212 suas
729 4150 883 4217 infantiles
902 4172 937 4211 ae
957 4168 1075 4210 errores
1101 4173 1180 4232 pene
1198 4151 1319 4213 inaudi-

179 4266 243 4328 tos,
277 4250 336 4312 nisi
366 4253 492 4313 consilio
515 4265 615 4316 vestro
646 4253 792 4334 singulari
824 4273 858 4313 ac
890 4248 1083 4330 providentia
1113 4255 1319 4329 coltibueritis,
1375 4256 1377 4261 ’
