2806 4800
705 208 777 281 106

170 370 217 461 ad·
229 395 415 459 debilitatem
438 393 586 459 virtutum
605 406 635 470 et
654 391 926 455 inflammationem
943 388 1082 471 eorporis
1101 392 1314 459 ettenorum

169 498 325 582 perdurat.
368 500 449 560 Haec
468 495 506 561 de
526 496 675 577 regimine
696 494 813 558 diaetae
834 494 994 558 sufficient.

143 778 146 784 ,
253 685 341 765 Potio
362 684 452 778 vero,
482 719 562 783 quae
591 694 636 763 eet
656 695 838 763 secundum
854 696 1089 762 instrumentum
1111 701 1314 779 praeservati,

170 824 256 883 vum,
275 796 433 886 perficitur
450 817 507 885 per
527 799 602 864 duas
622 800 817 865 intentiones
859 796 960 863 Prima
972 787 1016 865 e³st
1034 803 1171 882 'corporis
1183 822 1312 865 evacua·

167 905 212 969 tio
235 917 265 968 et
282 896 487 968 mundificatio
508 927 526 966 a
547 907 649 986 pravis
670 904 863 982 humoribus,
884 901 1050 986 praemissa
1070 893 1177 967 eorum
1197 914 1312 989 aeque·

167 1007 266 1084 ti0ne,
286 1008 342 1070 ubi
361 994 491 1089 oportet.
533 1005 672 1071 Secunda
694 1021 738 1071 est
761 999 861 1071 cordis
882 1020 912 1072 et
931 1009 1052 1090 hepatis
1073 1006 1256 1083 rectificatio,
1276 1008 1311 1070 iis'

166 1109 280 1197 virtute
311 1131 444 1192 quorum
472 1107 568 1172 dictae
588 1111 732 1173 materiae
752 1116 935 1192 generantur
962 1109 1180 1191 principaliter.
1230 1111 1311 1174 Eva·

166 1216 266 1276 enutio
286 1227 388 1276 nutem
408 1200 508 1295 prima
527 1228 572 1283 est
591 1213 681 1279 valde
702 1215 876 1278 necessaria.
927 1212 1011 1276 Sicut
1039 1213 1121 1275 enim
1142 1211 1243 1275 Rasrs'
1259 1225 1309 1275 te-

167 1317 237 1378 citat
267 1318 349 1378 XIII.
377 1317 577 1399 continentis,
614 1316 746 1396 capitulo
774 1313 906 1378 seeundo
936 1314 1144 1376 auctoritatem
1165 1312 1307 1390 Gnarum,

166 1419 223 1501 qui
243 1438 300 1499 per
319 1418 545 1482 evacuationem
564 1419 703 1482 humoris
714 1419 812 1498 grossi
831 1418 906 1481 meli
925 1416 1132 1499 praeservavit
1152 1416 1307 1499 quandam

166 1523 325 1584 mulierem
337 1531 364 1584 La
385 1521 488 1602 pravis
502 1520 739 1600 apostematibus
754 1517 792 1583 de
806 1540 917 1599 genere
937 1519 1037 1581 oanori
1057 1530 1087 1580 et
1095 1539 1210 1599 panun-
1224 1520 1309 1587 infra

165 1622 286 1702 subdit,
305 1621 392 1708 qud
411 1624 677 1706 pervireqnsotem
706 1623 931 1686 evacuationem
959 1622 1098 1684 humoris
1127 1620 1209 1698 nigri
1235 1621 1307 1688 tecit

165 1727 257 1789 etiam
277 1748 391 1796 cessere
417 1738 615 1806 augmento·
645 1725 797 1790 dictorum
825 1738 1047 1806 apostematum
1074 1727 1137 1789 item
1155 1723 1308 1805 incipiens

165 1831 260 1892 tium:
294 1831 340 1892 ita
369 1849 495 1914 quoque
523 1829 577 1890 Ieio
604 1825 716 1892 debere
748 1828 816 1891 fieri
840 1849 906 1891 non
933 1840 978 1892 est
1007 1825 1226 1904 dubitandum
1267 1826 1308 1890 de

165 1954 229 2018 quo
249 1933 311 1994 iam
332 1933 551 2015 experientiam
571 1935 671 1996 habeo
692 1933 726 1995 in
747 1931 882 2011 duobus,
903 1933 938 1996 in
963 1934 1078 2017 quibus
1101 1954 1158 2014 per
1178 1953 1307 1997 evacuo·

163 2037 261 2099 tiones
283 2037 405 2099 iteratas
424 2037 592 2099 humorum
621 2057 797 2116 grossorum
825 2049 984 2100 erutorum
1016 2038 1156 2116 pustulas
1175 2036 1240 2105 iam
1256 2033 1306 2102 in·

163 2139 307 2220 cipiantes
343 2160 493 2220 apparere
521 2153 584 2202 tam
616 2141 738 2219 sugeri,
778 2156 872 2222 quam
910 2139 1109 2225 multiplicari
1146 2137 1305 2221 prohibui:

164 2240 344 2320 completur
368 2253 469 2303 autem
491 2237 571 2301 dicta
599 2239 757 2302 evacuatio
785 2261 852 2303 cum
874 2240 1052 2305 flobotomia
1069 2253 1099 2303 et
1118 2240 1304 2323 pimrmeoia.

163 2341 359 2404 FIobotomia
385 2340 528 2403 convenit
559 2342 697 2417 venons,
730 2340 766 2403 in
794 2341 909 2423 quibus
939 2339 1098 2404 abundant
1125 2342 1213 2420 signo
1247 2339 1305 2407 do·

162 2442 252 2504 minii
271 2441 444 2520 sauguinis,
471 2442 550 2504 secte
575 2440 616 2503 od
636 2438 690 2530 ξν.
712 2444 764 2504 vel
784 2448 824 2520 vj.
850 2445 945 2507 semel
973 2457 1027 2506 avtt
1054 2445 1102 2506 bie
1130 2445 1164 2506 in
1192 2455 1305 2528 quartu

161 2560 249 2628 perte
266 2545 342 2608 anni
365 2545 458 2608 iuxta
480 2565 646 2627 corporum
666 2545 874 2625 exigentiam,
902 2559 995 2628 prout
1022 2548 1139 2628 peritus
1168 2546 1306 2617 medicus

161 2649 248 2711 IaeiIe
268 2650 371 2712 novit:
405 2669 500 2732 quens
523 2650 749 2713 evacuationem
768 2651 913 2731 supplere
925 2663 1060 2732 possunt
1079 2664 1305 2715 menstruorum
1361 2706 1367 2723 ,

161 2752 213 2812 veI
221 2749 528 2814 haemorrhoidarum
538 2766 726 2816 retentorum
738 2754 924 2834 provocatio.
953 2754 1011 2817 His
1021 2753 1110 2816 etiam
1123 2755 1305 2834 corporibus

162 2851 237 2912 utile
261 2852 320 2913 erit
338 2871 459 2932 ponere
475 2866 615 2917 ventosas
636 2857 671 2916 in
691 2856 774 2930 locIs,
796 2856 851 2917 ubi
870 2868 1101 2931 consueverunt,
1122 2877 1190 2917 cum
1212 2856 1304 2919 scari·

160 2952 315 3016 fimtioner
347 2950 459 3016 deinde
479 2954 538 3025 erit
567 2953 954 3035 sanguismundificandus
967 2956 1015 3019 ab
1037 2958 1221 3021 humoribus
1243 2960 1304 3021 sal-t

160 3057 218 3134 sis,
246 3058 342 3120 assitis
360 3071 415 3120 eut
441 3054 555 3121 adustis
583 3080 653 3121 oum
680 3077 797 3141 syrupo
826 3060 920 3135 Iougo
950 3071 980 3122 et
1011 3059 1181 3136 similibus,
1210 3073 1303 3140 prout

159 3161 260 3223 statim
291 3159 416 3225 dioetur.
471 3161 652 3224 Pharmaeia
677 3181 753 3226 vero
780 3162 846 3223 sole
871 3160 937 3224 sine
963 3160 1142 3224 flebotomis
1162 3165 1304 3227 convenit

160 3265 219 3339 his,
240 3265 274 3324 in
294 3267 408 3346 quibus
428 3265 515 3343 signa
535 3263 664 3328 dominii
685 3263 841 3344 sanguinis
862 3277 1105 3345 nonapparent.
1148 3261 1208 3327 set
1222 3284 1304 3346 qno-

159 3366 243 3426 niam
265 3379 387 3444 oportet
406 3365 550 3429 medicsri
571 3380 601 3428 et
620 3387 754 3445 purgare
774 3366 919 3430 humores
941 3366 1165 3443 nonycrudoe,
1181 3363 1234 3427 sed
1256 3364 1303 3427 di·

159 3476 268 3543 gestos,
287 3463 490 3528 siout'doeuit
503 3467 687 3540 Hieromus,
708 3466 777 3531 ideo
790 3484 891 3549 potest
912 3469 1123 3553 fiorisyrupus
1144 3468 1303 3544 magistro·

159 3570 197 3630 Iis
217 3569 344 3644 longus,
364 3568 422 3648 qui
443 3567 583 3629 materias
603 3565 715 3651 digerit
742 3583 772 3632 et
791 3587 943 3652 quamtum
965 3571 1076 3651 digerit
1094 3569 1134 3631 de
1153 3567 1213 3640 eis,
1233 3579 1302 3626 tan·

160 3685 226 3732 tum
254 3680 393 3745 evacuat,
424 3680 454 3730 et
485 3669 554 3732 etit
571 3666 691 3741 moins
709 3670 768 3739 iste
800 3676 900 3736 minus
921 3669 1075 3735 taediosus
1101 3666 1300 3731 sumentibus.

161 3772 323 3850 Fiat-{ergo
344 3769 396 3833 sie.¹
416 3769 487 3832 Ree.
507 3770 706 3852 Lupqurom
720 3770 806 3834 iumi
835 3787 931 3836 terrae
954 3791 1014 3831 sna
1032 3771 1116 3854 Μίβ.
1144 3763 1301 3842 absinthii,

161 3861 328 3956 eupaterii,
345 3868 534 3937 chelidoniae
553 3893 612 3934 ans
630 3875 709 3960 Μ-β..
724 3873 835 3937 florum
857 3874 1025 3947 vioIarum,
1047 3866 1228 3947 norregiae,
1249 3888 1300 3929 ro-

159 3998 270 4038 sarum>
284 3976 447 4038 rubrarum
478 3995 537 4037 ane
567 3979 686 4057 pugei.
717 3996 844 4040 uvarum
873 3993 1030 4056 passerum
1053 3967 1098 4061 ᾗ.
1127 3990 1300 4055 prunorum

161 4090 291 4141 numero
309 4078 387 4140 XX.
420 4079 565 4142 eortietsm
598 4081 858 4143 mirobalsnorum
887 4077 1065 4140 citrinorum
1096 4090 1127 4140 et
1156 4071 1300 4136 indorum
1360 4152 1362 4163 Ι

161 4200 219 4241 ano
233 4172 453 4265 {iffi-mermi
467 4183 537 4247 <sibi
560 4181 728 4274 simil-345¹.
750 4181 892 4261 epithimi
913 4172 957 4266 ᾗ.
988 4179 1162 4263 polypodii,
1181 4176 1300 4240 follicu-

162 4284 261 4357 lorum
283 4300 394 4345 sennas
415 4304 473 4347 ana
495 4276 754 4366 {beretsbnrbori
775 4269 848 4347 boni
870 4273 940 4369 ξβ..
951 4304 1009 4365 pro
1023 4284 1175 4353 divitibus.
1192 4279 1300 4360 spicae,
