2806 4800
678 257 753 330 'lae

143 444 309 524 Postquam
331 442 644 518 contemnebantur,
657 463 719 505 non
740 445 810 523 plue
832 439 871 503 de
891 444 1030 522 puetulis
1043 446 1216 524 pullulare,
1233 445 1286 508 fiel

141 545 297 624 sanguinis
323 544 473 620 minutio,
511 545 565 604 ubi
593 544 661 606 lieri
688 543 795 622 debet,
827 546 1004 626 ventrisque
1034 548 1190 609 evacuatio
1217 568 1285 609 eum
1330 600 1339 611 .

141 649 207 722 his,
229 665 309 727 queo
330 645 472 723 superine
493 641 572 704 dicta
592 657 680 720 aunt,
707 646 923 708 urelecluerio
945 647 1098 723 Hameob,
1126 649 1231 727 pilulie
1248 647 1287 710 de

140 747 228 807 firmo
248 758 348 807 terrae
369 747 405 806 in
425 746 604 824 corporibus
621 748 752 825 ceneris,
773 765 844 810 cnm
862 747 1037 810 decoctione
1053 750 1200 811 foliorum
1218 770 1286 815 een·

142 870 215 922 nae,
245 848 279 907 in
299 868 362 929 qua
392 845 576 908 dissolvatur
602 847 724 930 aliquid
750 847 1014 925 diacatbolico'nie,
1042 852 1217 930 praemissis
1235 851 1286 912 di-

142 949 265 1027 gestIvie
298 945 472 1008 secundum
485 945 863 1013 diversitatemmateriae.
905 952 1076 1012 Plurimum
1095 954 1177 1014 valet
1196 964 1286 1034 aymn-

141 1070 200 1130 pua
221 1047 438 1129 deByzantiie
463 1050 506 1110 ob
535 1049 739 1130 ingredientia
751 1055 869 1133 ,partim
891 1050 1019 1114 humida
1046 1064 1077 1114 et
1102 1055 1215 1133 partim
1237 1076 1286 1115 re·

141 1152 288 1214 solventia
321 1172 392 1214 cum
418 1172 537 1233 syrupo
572 1151 612 1215 de
639 1154 726 1217 fumo
756 1169 864 1218 terrae.
919 1156 1060 1236 syropus
1090 1169 1224 1217 coemens
1251 1157 1284 1215 in

139 1254 314 1332 phlegmate
334 1256 415 1319 salso
436 1276 498 1317 non
519 1268 564 1318 est
595 1256 856 1337 postponendata'*·
879 1255 939 1318 sed
958 1256 1135 1338 neutiquam
1147 1258 1285 1318 'electue-

138 1357 219 1417 rium
248 1354 288 1417 de
316 1376 404 1419 succo
436 1377 574 1420 rosarum
606 1371 660 1419 aut
694 1345 916 1420 reubarbarum
947 1372 1092 1442 tanquam
1119 1356 1285 1420 medicinae

137 1459 218 1520 bacis
237 1456 449 1533 adhibendum
471 1471 530 1535 eet,
551 1479 648 1541 quum
662 1461 787 1548 colerae
809 1480 905 1540 purae
927 1461 1140 1524 evacuativum
1164 1471 1284 1522 utrum·
1394 1495 1398 1503 ‚

138 1578 199 1640 que
220 1571 283 1638 esr,
312 1560 410 1621 onius·
417 1573 612 1641 praeceptum
633 1562 706 1640 puri
725 1561 866 1623 bumorie
886 1561 938 1623 hic
957 1582 1021 1623 non
1040 1561 1192 1640 oerniatr,
1209 1582 1283 1645 *quo

136 1660 274 1738 plurium
296 1673 340 1724 est
360 1681 463 1739 error,
484 1683 539 1723 nec
558 1661 736 1726 antecedens
757 1684 847 1726 cauea
869 1660 1000 1725 videto'r.
1049 1709 1051 1713 <
1087 1696 1090 1700 ·

442 1899 503 1966 De
525 1890 1082 1981 mediciniesslbcalibu=g‚‘·⁸·
1164 1898 1167 1903 ·
1228 1890 1231 1895 ·

145 2109 147 2115 -
222 2067 382 2128 Localium
414 2065 634 2129 medicinarum
662 2068 696 2129 in
720 2070 788 2130 ΞΙιοο
816 2070 928 2130 morbo
948 2067 1197 2146 compositionem
1216 2066 1283 2127 fieri

138 2182 258 2249 oportet
278 2171 321 2231 ob
343 2171 465 2232 variam
487 2172 691 2232 intentionem
720 2168 928 2233 removendae
953 2169 1096 2233 materiae
1124 2169 1282 2247 peccantia.

139 2271 339 2335 Considerare
358 2285 479 2352 oportet
499 2271 669 2335 medicinae
691 2273 973 2336 vim-abstcreivam
996 2291 1067 2334 mm
1087 2269 1220 2354 quedem
1231 2290 1282 2332 cu·

135 2375 175 2434 tie
195 2375 441 2451 confortatione,
455 2374 519 2437 ‘buc
540 2389 602 2453 est,
628 2377 748 2438 modice
770 2376 974 2460 stypeieiteto,
998 2374 1069 2436 eum
1090 2373 1199 2434 ulceris
1228 2393 1282 2434 ex·

133 2474 293 2536 elocutione
306 2487 336 2538 et
348 2466 596 2541 mundificatione
610 2473 1051 2560 adustionisqnecxtinctione,
1071 2488 1134 2539 non
1147 2477 1282 2554 neglecta

134 2576 167 2635 in
182 2575 244 2637 fine
253 2576 484 2640 coneolidetiva·
494 2579 653 2654 medicine,
672 2579 872 2642 cicatricative
885 2579 1027 2641 annuntie
1039 2578 1157 2640 factive.
1199 2579 1282 2639 Haeo

133 2679 261 2738 alteram
282 2690 404 2758 oportet
431 2680 576 2742 varietate
591 2677 752 2742 =decursus
773 2693 948 2760 temporum
960 2679 1088 2755 morbi,
1116 2679 1281 2758 principio,

132 2792 317 2858 augmento,
332 2778 414 2843 elatu
434 2794 466 2844 et
484 2780 703 2858 declinatione,
733 2781 821 2864 quae
839 2781 898 2842 soli
925 2781 1049 2860 ingenio
1069 2778 1151 2841 docti
1170 2777 1280 2840 medici

132 2893 203 2942 stant
225 2881 339 2942 relicta.
388 2880 562 2945 Medicinae
590 2882 781 2945 abstereivae
797 2884 861 2944 non
888 2881 1061 2944 sintssnimis
1082 2878 1212 2955 calidae,
1231 2882 1280 2942 'ne

132 2981 284 3044 ulceribus
296 2976 348 3046 fiat'
361 2984 550 3063 mendicatio,
570 2986 630 3048 niti
643 2983 761 3076 aliquid
779 2985 818 3046 eit
834 2982 873 3044 ad
888 2986 948 3045 hoo
968 2986 1101 3045 invitans
1121 2981 1278 3044 sordidum

131 3095 162 3144 et
182 3083 380 3162 virulentum,
399 3085 539 3168 indigene
558 3088 714 3149 evulsione
728 3087 787 3177 atsi.
828 3085 909 3145 Hinc
930 3097 983 3158 oet,
1007 3083 1091 3164 quod
1113 3083 1279 3157 vitriolum,

130 3188 250 3247 alumen
272 3200 373 3248 ustum
394 3186 536 3249 nonnulli
557 3186 632 3270 (non
652 3182 778 3268 quidem
800 3182 920 3262 semper
940 3181 1033 3262 male)
1057 3193 1226 3261 apponunt.

216 3286 364 3363 Vulgaria
384 3287 552 3348 abstersiva
571 3297 643 3346 aunt
662 3285 762 3344 farina
783 3285 922 3357 cicerum,
947 3281 1043 3341 farina
1065 3283 1204 3341 fabarum
1223 3300 1278 3341 ex·

130 3386 350 3460 corticatarum,
372 3385 470 3445 farina
490 3386 687 3464 lupinorum,
708 3382 926 3462 lithargyrium
949 3402 1017 3442 cum
1039 3379 1277 3460 infrigidatione,

128 3487 338 3566 myrrhaeam
359 3483 615 3547 mundificatione.
658 3482 719 3548 Sed
740 3487 884 3564 pulverea
900 3483 1027 3544 ellebori
1049 3483 1140 3562 nigri,
1161 3484 1278 3564 staphi·

127 3587 259 3664 segriae,
288 3586 387 3662 ireos,
421 3587 480 3650 nisi
501 3589 534 3648 in
564 3585 683 3650 modica
703 3589 893 3671 quantitate,
920 3590 988 3649 loco
1014 3586 1147 3664 stimuli,
1180 3607 1276 3667 appo·

127 3687 221 3749 nendi
242 3699 330 3763 eunt,
351 3689 378 3750 ei
400 3690 462 3749 ulla
482 3690 521 3751 sit
544 3693 686 3769 pustulae
707 3687 911 3754 removendae
933 3691 1096 3768 grossitiee.

213 3789 357 3852 Procula
378 3793 572 3870 pustularum
597 3796 795 3855 exsiccatione
815 3813 897 3874 aqua
922 3794 998 3852 salsa
1033 3789 1198 3864 sufficeret,
1230 3791 1275 3848 la·

127 3909 184 3949 nae
213 3891 321 3951 ovirrm
350 3891 466 3952 infusa·
484 3906 512 3953 et
542 3895 695 3972 apposita:
735 3892 854 3974 aliquid
881 3894 942 3953 olei
967 3911 1105 3952 rosarum
1135 3889 1176 3948 ob
1196 3888 1275 3948 leni·

124 3989 239 4050 tionem
261 4003 291 4052 et
324 3990 585 4070 infrigidationem
617 3991 777 4054 admisceri
808 4004 917 4070 potest.
968 3990 1028 4054 Sed
1063 3992 1163 4050 ulcere
1183 3988 1273 4066 facto,

124 4104 240 4153 remota
264 4112 363 4153 escara
387 4092 476 4155 detur
497 4092 575 4154 illud
599 4095 764 4155 Gummmn
786 4092 983 4153 Palonnrnn.
1027 4092 1064 4151 R.
1082 4089 1273 4169 Lithargyrii

124 4205 188 4253 arte
208 4194 323 4267 abluti,
355 4195 470 4255 ianime
492 4195 562 4270 risi,
590 4196 705 4257 ossium
727 4206 936 4269 vetustorum,
962 4192 1085 4253 seminis
1106 4193 1271 4267 melonum,

123 4292 239 4355 farinae
261 4295 405 4374 cicerum,
427 4296 566 4358 fabarum
587 4297 853 4373 excorticatarum,
874 4295 1056 4376 lupinorum
1075 4293 1272 4354 excorticata-
