2806 4800
650 249 698 319 75

102 431 281 498 antecedens
298 445 370 495 sunt
390 433 536 496 humores
558 432 675 509 adusti,
703 433 800 508 acuti,
828 432 1005 512 putrefacti,
1032 434 1092 497 iarn
1124 432 1157 496 in
1187 436 1247 498 lur-

103 558 193 600 mano
215 557 344 617 corpore
364 537 569 617 multiplicati.
621 537 722 600 Cattae
748 536 908 598 eoniuneta
929 546 1000 598 sunt
1019 536 1071 600 isti
1092 537 1246 613 humores,

102 641 164 702 iam
185 639 380 719 multiplioati
399 652 429 701 et
448 620 603 705 incameati
628 639 661 702 iu
682 639 842 721 superficie
858 641 971 704 ¹earnis
1003 653 1035 704 et
1061 640 1157 717 eutis,
1184 641 1247 701 iem

103 743 242 824 pustulas
264 754 432 803 causantes,
458 774 461 779 ·
761 799 768 807 ,

190 844 527 923 Harum-pustularum
567 845 729 907 eonsilium
763 842 879 926 duplici
907 843 1064 924 perlinitur
1090 843 1248 923 regimina,

93 946 214 1009 ‘seilicet
235 946 460 1025 praeservativo
482 959 511 1008 et
532 947 679 1009 etrratiro.
733 949 880 1027 Regimen
903 948 1162 1028 praeservativum
1182 948 1248 1009 exi·

104 1051 157 1114 stit
176 1050 208 1112 in
230 1047 331 1112 debita
351 1047 615 1113 administratione
642 1058 697 1113 s'ex
716 1071 822 1113 rerum
853 1071 915 1113 non
936 1051 1137 1127 naturalium,
1169 1072 1248 1134 quae

104 1149 291 1233 praetendit,
317 1150 403 1234 qatod
437 1152 564 1215 rnateria
593 1154 704 1216 lterum
735 1155 928 1234 pustularum
947 1174 1009 1216 non
1031 1167 1193 1233 generatur
1219 1167 1248 1215 et

104 1266 246 1334 generata
273 1252 432 1337 quomodo
452 1259 636 1338 expellatur.

587 1448 642 1509 De
670 1453 768 1509 a‘e're.

190 1568 254 1628 Aer
274 1568 406 1628 multum
428 1562 544 1629 calidus
566 1579 610 1630 est
633 1565 792 1644 vitandus,
824 1567 897 1650 quia
917 1567 1065 1631 humores
1086 1564 1189 1631 adurit
1218 1584 1249 1632 et

104 1667 144 1730 ed
166 1666 360 1749 putredinem
384 1667 520 1751 disponit
548 1670 637 1733 etad
668 1672 767 1735 earnis
787 1684 817 1734 et
839 1673 915 1734 certis
934 1671 1124 1751 superficiem
1145 1674 1249 1738 trahit.

107 1772 143 1831 lit
164 1773 255 1833 etiam
276 1779 329 1834 aer
344 1775 474 1835 multum
491 1772 636 1853 frigidos:
658 1777 804 1838 humores
819 1777 899 1837 eninr
916 1777 1068 1837 conculcat
1081 1787 1110 1836 et
1120 1788 1250 1837 coarctat

108 1885 137 1933 et
149 1870 240 1933 siesd
257 1872 451 1952 putredinem
472 1888 566 1954 aptet.
609 1877 646 1939 Et
657 1877 801 1940 vitandus
821 1892 864 1941 est
885 1886 937 1940 at'r
950 1881 1081 1940 multum
1094 1876 1249 1950 humidus,

108 1972 240 2037 foetidus
261 1974 532 2055 etpaludinoses,
555 1979 645 2058 quia,
667 1979 745 2041 sieut
766 1978 902 2040 caliditas
929 1993 975 2042 est
994 1978 1166 2059 putredinis
1196 2000 1249 2057 pa·

106 2088 171 2150 ter,
188 2076 233 2138 ita
253 2076 421 2140 humiditas
441 2090 547 2139 mater.
592 2079 637 2140 ,tta
668 2079 760 2141 etiam
781 2088 835 2141 adr
862 2083 992 2144 multum
1021 2082 1116 2143 siccans
1136 2094 1180 2142 est
1204 2081 1251 2143 vi·

105 2176 233 2254 tandus,
268 2179 343 2259 quia
372 2199 440 2240 cum
463 2177 615 2243 caliditate
642 2178 745 2244 reddit
772 2183 920 2244 hermarus
941 2194 1045 2244 acutos
1065 2195 1095 2243 et
1115 2180 1248 2258 adunus,

104 2281 163 2361 qui
184 2281 295 2342 aarum
315 2283 508 2368 pustularum
537 2294 608 2346 sunt
634 2304 735 2346 musa.
783 2285 927 2348 -lllaxlme
957 2280 1098 2348 vitandus
1126 2297 1171 2346 est
1198 2292 1251 2346 ae'r

108 2383 232 2445 veniens
252 2384 292 2445 ab
312 2383 431 2446 iniectis
455 2397 485 2446 at
505 2386 596 2447 etiem
613 2388 763 2450 habitatio
786 2401 817 2450 et
838 2407 925 2451 mora
944 2408 1013 2449 eum
1035 2388 1080 2449 eis
1100 2402 1130 2450 et
1147 2389 1251 2450 ornain

106 2487 179 2563 illa,
211 2508 291 2569 quae
311 2510 330 2550 a
351 2489 532 2569 corporibus
561 2510 668 2553 eorum
697 2501 767 2554 estrat
791 2503 881 2553 taeta.
930 2489 1096 2572 Eligendus
1125 2504 1169 2553 est
1198 2501 1252 2553 ae'r

107 2603 307 2671 temperatus,
327 2598 436 2670 patrum
459 2589 499 2653 ad
523 2591 669 2672 frigidum
691 2592 855 2657 declinans.
903 2595 944 2656 Et
970 2595 998 2656 si
1024 2614 1086 2657 uon
1118 2609 1162 2656 est
1182 2595 1251 2656 talis

108 2695 304 2770 naturaliter,
324 2692 503 2756 rectificetur
524 2716 593 2756 num
614 2697 706 2758 rebus
728 2693 905 2772 odoriferis,
926 2694 1031 2757 calidis
1054 2699 1103 2757 rel
1123 2695 1252 2775 frigidis,

107 2797 196 2860 iuxta
215 2810 336 2878 ternpus
359 2809 389 2877 et
408 2797 455 2858 rei
473 2795 715 2877 dispositionem.
757 2799 866 2861 Vestes
887 2812 917 2861 et
937 2799 1016 2874 alia,
1038 2819 1118 2880 queas
1139 2799 1172 2861 in
1194 2821 1252 2862 usu

107 2912 199 2976 sunt,
229 2901 263 2960 in'
290 2901 365 2963 cista
395 2901 444 2964 eal
466 2921 555 2982 capsa
584 2921 652 2983 carm
685 2901 778 2964 rebus
799 2899 961 2965 odorileris
989 2901 1163 2982 temperatis
1182 2921 1252 2964 aro-
1294 2934 1318 2985 ι·

108 3006 297 3070 metirentur.

591 3195 648 3254 De
677 3193 773 3267 cibo.

194 3311 286 3375 Nune
306 3311 431 3376 vitanda
463 3325 508 3376 est
537 3311 638 3373 omnis
663 3311 810 3390 repletio,
832 3309 921 3372 etiam
943 3308 1125 3372 cibariorum
1157 3310 1252 3374 bonos

110 3416 321 3495 generantium
338 3417 497 3492 humores,
519 3414 593 3496 quia
611 3433 691 3474 namo
713 3411 881 3475 multitudo
902 3415 1067 3475 humorum
1088 3414 1122 3474 iu
1144 3434 1250 3496 corpo«

98 3517 196 3588 cibus
216 3518 298 3577 mala
319 3529 379 3579 est:
409 3515 479 3580 ideo
509 3519 593 3581 tenui
613 3517 755 3580 conuenit
789 3518 834 3579 uti
853 3515 970 3594 diaeta,
1000 3538 1080 3601 quae
1108 3519 1141 3579 in
1169 3537 1253 3579 eom·

108 3619 254 3701 plexione
275 3618 373 3681 calida
399 3641 509 3702 parum
531 3618 661 3682 declinet
687 3618 726 3681 ad
750 3617 897 3698 frigidum
927 3631 957 3681 et
977 3619 1140 3683 humidum
1170 3631 1200 3680 et
1218 3619 1251 3679 in

107 3724 176 3785 eliis
198 3722 237 3784 ad
259 3736 541 3804 temperamentum.
583 3721 753 3785 Multitudo
775 3722 959 3784 serculorum
976 3723 1008 3784 in
1022 3722 1127 3786 eadem
1149 3743 1252 3784 mense

108 3839 153 3887 est
171 3823 305 3902 vitanda,
325 3826 465 3886 maxime.
480 3846 598 3902 eorum,
619 3846 700 3908 quae
721 3826 803 3888 iuter
821 3847 855 3888 se
878 3827 910 3887 in
932 3825 1100 3888 substantia
1123 3837 1153 3886 et
1170 3844 1251 3885 cont·

107 3929 251 4008 plexione
270 3942 342 3992 sum
363 3932 494 3992 multum
516 3929 653 4006 divmsa,
679 3951 768 4015 *quae
796 3943 825 3992 et
842 3931 879 3991 ⁴in
906 3928 1073 4008 digestione
1093 3936 1184 3987 erunt
1203 3923 1250 3987 di·

108 4049 212 4104 rerea,
234 4029 309 4091 iude
326 4043 356 4092 et
377 4033 451 4091 urali
472 4044 654 4111 generentur
674 4032 831 4103 humores,
852 4029 933 4095 unde
955 4031 1052 4089 rrralae
1064 4039 1092 4089 et
1115 4027 1251 4095 diversae

108 4129 351 4210 multiplicantur
379 4131 594 4212 aegritudines.
658 4132 760 4208 Quare
792 4154 854 4195 nou
885 4130 1050 4193 laudantur
1086 4153 1189 4197 carues
1213 4145 1251 4196 el

109 4230 209 4310 pisces
227 4232 261 4290 in
281 4232 513 4298 eademmeura
534 4239 669 4314 comesti,
690 4260 745 4300 uec
765 4240 812 4299 lae
828 4249 855 4299 et
877 4235 989 4315 pisces,
1011 4254 1066 4296 nen
1085 4238 1133 4298 lac
1154 4251 1183 4298 et
1206 4237 1250 4298 ui·

109 4352 184 4394 num
207 4333 298 4395 simm
320 4350 434 4414 samse,
465 4360 521 4402 neo
541 4360 644 4403 meus
665 4355 694 4403 et
714 4341 828 4424 pisces,
861 4352 891 4402 et
919 4340 962 4402 aio
989 4337 1029 4401 de
1048 4338 1153 4400 multis
1171 4336 1249 4397 aliis.
