<?xml version="1.0" encoding="UTF-8"?>
<!DOCTYPE html PUBLIC "-//W3C//DTD XHTML 1.0 Transitional//EN"
    "http://www.w3.org/TR/xhtml1/DTD/xhtml1-transitional.dtd">
<html xmlns="http://www.w3.org/1999/xhtml" xml:lang="en" lang="en">
 <head>
  <title>
</title>
<meta http-equiv="Content-Type" content="text/html;charset=utf-8" />
  <meta name='ocr-system' content='tesseract 3.04.00' />
  <meta name='ocr-capabilities' content='ocr_page ocr_carea ocr_par ocr_line ocrx_word'/>
</head>
<body>
  <div class='ocr_page' id='page_1' title='image "./dieltestenschri00fuchgoog_0342.png"; bbox 0 0 2806 4800; ppageno 0'>
   <div class='ocr_carea' id='block_1_1' title="bbox 613 246 733 372">
    <p class='ocr_par' dir='ltr' id='par_1_1' title="bbox 613 246 733 372">
     <span class='ocr_line' id='line_1_1' title="bbox 613 246 733 372; baseline 0.008 -3"><span class='ocrx_word' id='word_1_1' title='bbox 613 246 616 251; x_wconf 28' lang='lat'><strong>¹</strong></span> <span class='ocrx_word' id='word_1_2' title='bbox 657 300 733 372; x_wconf 80' lang='lat' dir='ltr'><strong>sm</strong></span> 
     </span>
    </p>
   </div>
   <div class='ocr_carea' id='block_1_2' title="bbox 123 481 1326 1382">
    <p class='ocr_par' dir='ltr' id='par_1_2' title="bbox 123 481 1326 972">
     <span class='ocr_line' id='line_1_2' title="bbox 125 481 1271 562; baseline 0.01 -19"><span class='ocrx_word' id='word_1_3' title='bbox 125 497 154 546; x_wconf 89' lang='lat' dir='ltr'><strong>et</strong></span> <span class='ocrx_word' id='word_1_4' title='bbox 167 481 336 562; x_wconf 86' lang='lat' dir='ltr'><strong>epidemiae</strong></span> <span class='ocrx_word' id='word_1_5' title='bbox 350 485 449 562; x_wconf 87' lang='lat' dir='ltr'><strong>plaga,</strong></span> <span class='ocrx_word' id='word_1_6' title='bbox 472 483 514 543; x_wconf 90' lang='lat' dir='ltr'><strong>sic</strong></span> <span class='ocrx_word' id='word_1_7' title='bbox 532 482 585 542; x_wconf 91' lang='lat' dir='ltr'><strong>illa</strong></span> <span class='ocrx_word' id='word_1_8' title='bbox 606 481 816 559; x_wconf 74' lang='lat' dir='ltr'><strong>contagionem</strong></span> <span class='ocrx_word' id='word_1_9' title='bbox 838 502 912 561; x_wconf 88' lang='lat' dir='ltr'><strong>prae</strong></span> <span class='ocrx_word' id='word_1_10' title='bbox 925 503 957 544; x_wconf 90' lang='lat' dir='ltr'><strong>se</strong></span> <span class='ocrx_word' id='word_1_11' title='bbox 978 485 1045 548; x_wconf 82' lang='lat' dir='ltr'><strong>lert.</strong></span> <span class='ocrx_word' id='word_1_12' title='bbox 1075 488 1148 551; x_wconf 87' lang='lat' dir='ltr'><strong>Eius</strong></span> <span class='ocrx_word' id='word_1_13' title='bbox 1170 494 1271 555; x_wconf 89' lang='lat' dir='ltr'><strong>morbi</strong></span> 
     </span>
     <span class='ocr_line' id='line_1_3' title="bbox 123 570 1272 664; baseline 0.009 -17"><span class='ocrx_word' id='word_1_14' title='bbox 123 588 333 650; x_wconf 86' lang='lat' dir='ltr'><strong>auctoritatem</strong></span> <span class='ocrx_word' id='word_1_15' title='bbox 355 598 525 664; x_wconf 87' lang='lat' dir='ltr'><strong>propterea¹</strong></span> <span class='ocrx_word' id='word_1_16' title='bbox 539 583 578 645; x_wconf 87' lang='lat' dir='ltr'><strong>sd</strong></span> <span class='ocrx_word' id='word_1_17' title='bbox 601 596 637 645; x_wconf 89' lang='lat' dir='ltr'><strong>te·</strong></span> <span class='ocrx_word' id='word_1_18' title='bbox 651 570 760 660; x_wconf 76' lang='lat' dir='ltr'><strong>scribit,</strong></span> <span class='ocrx_word' id='word_1_19' title='bbox 781 596 816 646; x_wconf 92' lang='lat' dir='ltr'><strong>ut</strong></span> <span class='ocrx_word' id='word_1_20' title='bbox 836 597 942 646; x_wconf 71' lang='lat' dir='ltr'><strong>caestus</strong></span> <span class='ocrx_word' id='word_1_21' title='bbox 964 586 1087 650; x_wconf 82' lang='lat' dir='ltr'><strong>futurus</strong></span> <span class='ocrx_word' id='word_1_22' title='bbox 1108 591 1149 652; x_wconf 87' lang='lat' dir='ltr'><strong>sis</strong></span> <span class='ocrx_word' id='word_1_23' title='bbox 1170 607 1200 656; x_wconf 89' lang='lat' dir='ltr'><strong>et</strong></span> <span class='ocrx_word' id='word_1_24' title='bbox 1217 596 1272 656; x_wconf 59' lang='lat' dir='ltr'><strong>be*</strong></span> 
     </span>
     <span class='ocr_line' id='line_1_4' title="bbox 125 683 1274 772; baseline 0.007 -22"><span class='ocrx_word' id='word_1_25' title='bbox 125 691 248 769; x_wconf 86' lang='lat' dir='ltr'><strong>uignam</strong></span> <span class='ocrx_word' id='word_1_26' title='bbox 272 686 370 762; x_wconf 82' lang='lat' dir='ltr'><strong>deam,</strong></span> <span class='ocrx_word' id='word_1_27' title='bbox 391 683 789 768; x_wconf 71' lang='lat' dir='ltr'><strong>Vene.r.em‚.›aliqusndo</strong></span> <span class='ocrx_word' id='word_1_28' title='bbox 812 687 889 748; x_wconf 84' lang='lat' dir='ltr'><strong>vites</strong></span> <span class='ocrx_word' id='word_1_29' title='bbox 911 684 996 772; x_wconf 89' lang='lat' dir='ltr'><strong>(nam</strong></span> <span class='ocrx_word' id='word_1_30' title='bbox 1019 686 1274 758; x_wconf 72' lang='lat' dir='ltr'><strong>eistsc&#39;aldntittttil</strong></span> 
     </span>
     <span class='ocr_line' id='line_1_5' title="bbox 124 786 1326 888; baseline -0.009 -33"><span class='ocrx_word' id='word_1_31' title='bbox 124 795 262 875; x_wconf 79' lang='lat' dir='ltr'><strong>initium</strong></span> <span class='ocrx_word' id='word_1_32' title='bbox 278 791 454 872; x_wconf 79' lang='lat' dir='ltr'><strong>frequenter</strong></span> <span class='ocrx_word' id='word_1_33' title='bbox 484 791 637 851; x_wconf 39' lang='lat' dir='ltr'><strong>enncoitst</strong></span> <span class='ocrx_word' id='word_1_34' title='bbox 665 786 817 849; x_wconf 50' lang='lat' dir='ltr'><strong>maris‘ad</strong></span> <span class='ocrx_word' id='word_1_35' title='bbox 839 789 985 850; x_wconf 86' lang='lat' dir='ltr'><strong>feminam</strong></span> <span class='ocrx_word' id='word_1_36' title='bbox 1006 793 1213 880; x_wconf 50' lang='lat' dir='ltr'><strong>emitur),</strong></span> <span class='ocrx_word' id='word_1_37' title='bbox 1238 811 1273 859; x_wconf 63' lang='lat' dir='ltr'><strong>:gt</strong></span> <span class='ocrx_word' id='word_1_38' title='bbox 1323 878 1326 888; x_wconf 77' lang='lat'><em>,</em></span> 
     </span>
     <span class='ocr_line' id='line_1_6' title="bbox 126 889 1274 972; baseline 0.003 -18"><span class='ocrx_word' id='word_1_39' title='bbox 126 914 195 954; x_wconf 86' lang='lat' dir='ltr'><strong>curu</strong></span> <span class='ocrx_word' id='word_1_40' title='bbox 215 894 427 955; x_wconf 73' lang='lat' dir='ltr'><strong>-sararnaa</strong></span> <span class='ocrx_word' id='word_1_41' title='bbox 439 889 569 953; x_wconf 73' lang='lat' dir='ltr'><strong>alodum</strong></span> <span class='ocrx_word' id='word_1_42' title='bbox 592 892 675 950; x_wconf 90' lang='lat' dir='ltr'><strong>hunc</strong></span> <span class='ocrx_word' id='word_1_43' title='bbox 696 903 726 951; x_wconf 91' lang='lat' dir='ltr'><strong>ct</strong></span> <span class='ocrx_word' id='word_1_44' title='bbox 745 910 890 953; x_wconf 82' lang='lat' dir='ltr'><strong>venereos</strong></span> <span class='ocrx_word' id='word_1_45' title='bbox 910 891 1085 972; x_wconf 83' lang='lat' dir='ltr'><strong>triumphos</strong></span> <span class='ocrx_word' id='word_1_46' title='bbox 1116 899 1274 958; x_wconf 85' lang='lat' dir='ltr'><strong>saturnina</strong></span> 
     </span>
    </p>

    <p class='ocr_par' dir='ltr' id='par_1_3' title="bbox 126 992 1275 1382">
     <span class='ocr_line' id='line_1_7' title="bbox 126 992 1271 1078; baseline 0.003 -22"><span class='ocrx_word' id='word_1_47' title='bbox 126 995 300 1058; x_wconf 83' lang='lat' dir='ltr'><strong>conditione</strong></span> <span class='ocrx_word' id='word_1_48' title='bbox 329 994 428 1058; x_wconf 85' lang='lat' dir='ltr'><strong>rideat</strong></span> <span class='ocrx_word' id='word_1_49' title='bbox 457 1008 486 1057; x_wconf 90' lang='lat' dir='ltr'><strong>et</strong></span> <span class='ocrx_word' id='word_1_50' title='bbox 514 992 646 1055; x_wconf 77' lang='lat' dir='ltr'>illudere</span> <span class='ocrx_word' id='word_1_51' title='bbox 671 993 800 1069; x_wconf 79' lang='lat' dir='ltr'><strong>lrabeat,</strong></span> <span class='ocrx_word' id='word_1_52' title='bbox 838 1007 873 1055; x_wconf 86' lang='lat' dir='ltr'><strong>ut</strong></span> <span class='ocrx_word' id='word_1_53' title='bbox 904 1009 972 1074; x_wconf 86' lang='lat' dir='ltr'><strong>post</strong></span> <span class='ocrx_word' id='word_1_54' title='bbox 1003 997 1096 1059; x_wconf 85' lang='lat' dir='ltr'><strong>breve</strong></span> <span class='ocrx_word' id='word_1_55' title='bbox 1126 997 1271 1078; x_wconf 86' lang='lat' dir='ltr'><strong>gaudium</strong></span> 
     </span>
     <span class='ocr_line' id='line_1_8' title="bbox 126 1095 1274 1180; baseline 0.004 -22"><span class='ocrx_word' id='word_1_56' title='bbox 126 1101 217 1160; x_wconf 89' lang='lat' dir='ltr'><strong>unius</strong></span> <span class='ocrx_word' id='word_1_57' title='bbox 239 1100 334 1161; x_wconf 87' lang='lat' dir='ltr'><strong>noctis</strong></span> <span class='ocrx_word' id='word_1_58' title='bbox 356 1098 491 1160; x_wconf 89' lang='lat' dir='ltr'><strong>infinitus</strong></span> <span class='ocrx_word' id='word_1_59' title='bbox 514 1119 635 1160; x_wconf 90' lang='lat' dir='ltr'><strong>moeror</strong></span> <span class='ocrx_word' id='word_1_60' title='bbox 663 1109 823 1180; x_wconf 88' lang='lat' dir='ltr'><strong>sequatur,</strong></span> <span class='ocrx_word' id='word_1_61' title='bbox 853 1095 952 1159; x_wconf 88' lang='lat' dir='ltr'><strong>idest</strong></span> <span class='ocrx_word' id='word_1_62' title='bbox 982 1119 1111 1163; x_wconf 87' lang='lat' dir='ltr'><strong>annuus.</strong></span> <span class='ocrx_word' id='word_1_63' title='bbox 1163 1104 1274 1163; x_wconf 79' lang='lat' dir='ltr'><strong>Precor</strong></span> 
     </span>
     <span class='ocr_line' id='line_1_9' title="bbox 127 1201 1273 1287; baseline 0.003 -26"><span class='ocrx_word' id='word_1_64' title='bbox 127 1201 215 1262; x_wconf 86' lang='lat' dir='ltr'><strong>etiam</strong></span> <span class='ocrx_word' id='word_1_65' title='bbox 238 1215 277 1277; x_wconf 90' lang='lat' dir='ltr'><strong>te,</strong></span> <span class='ocrx_word' id='word_1_66' title='bbox 300 1201 522 1282; x_wconf 86' lang='lat' dir='ltr'><strong>philosophum</strong></span> <span class='ocrx_word' id='word_1_67' title='bbox 550 1201 707 1285; x_wconf 84' lang='lat' dir='ltr'><strong>homiuem</strong></span> <span class='ocrx_word' id='word_1_68' title='bbox 735 1210 764 1260; x_wconf 90' lang='lat' dir='ltr'><strong>et</strong></span> <span class='ocrx_word' id='word_1_69' title='bbox 791 1210 912 1278; x_wconf 85' lang='lat' dir='ltr'><strong>poetam</strong></span> <span class='ocrx_word' id='word_1_70' title='bbox 934 1218 1108 1287; x_wconf 79' lang='lat' dir='ltr'><strong>summum,</strong></span> <span class='ocrx_word' id='word_1_71' title='bbox 1143 1203 1199 1284; x_wconf 90' lang='lat' dir='ltr'><strong>qui</strong></span> <span class='ocrx_word' id='word_1_72' title='bbox 1222 1226 1273 1264; x_wconf 89' lang='lat' dir='ltr'><strong>ve-</strong></span> 
     </span>
     <span class='ocr_line' id='line_1_10' title="bbox 126 1299 1275 1382; baseline 0.004 -21"><span class='ocrx_word' id='word_1_73' title='bbox 126 1303 247 1363; x_wconf 83' lang='lat' dir='ltr'><strong>tustatis</strong></span> <span class='ocrx_word' id='word_1_74' title='bbox 274 1323 322 1362; x_wconf 89' lang='lat' dir='ltr'><strong>res</strong></span> <span class='ocrx_word' id='word_1_75' title='bbox 347 1303 514 1382; x_wconf 87' lang='lat' dir='ltr'><strong>plurimum</strong></span> <span class='ocrx_word' id='word_1_76' title='bbox 538 1302 638 1376; x_wconf 90' lang='lat' dir='ltr'><strong>nosti,</strong></span> <span class='ocrx_word' id='word_1_77' title='bbox 660 1300 686 1361; x_wconf 90' lang='lat' dir='ltr'><strong>si</strong></span> <span class='ocrx_word' id='word_1_78' title='bbox 709 1320 845 1380; x_wconf 83' lang='lat' dir='ltr'><strong>unquam</strong></span> <span class='ocrx_word' id='word_1_79' title='bbox 867 1300 932 1361; x_wconf 86' lang='lat' dir='ltr'><strong>eius</strong></span> <span class='ocrx_word' id='word_1_80' title='bbox 954 1299 1142 1367; x_wconf 85' lang='lat' dir='ltr'><strong>conditiones</strong></span> <span class='ocrx_word' id='word_1_81' title='bbox 1164 1305 1196 1364; x_wconf 89' lang='lat' dir='ltr'><strong>in</strong></span> <span class='ocrx_word' id='word_1_82' title='bbox 1219 1308 1275 1366; x_wconf 91' lang='lat' dir='ltr'><strong>ali-</strong></span> 
     </span>
    </p>
   </div>
   <div class='ocr_carea' id='block_1_3' title="bbox 127 1396 1373 1486">
    <p class='ocr_par' dir='ltr' id='par_1_4' title="bbox 127 1396 1373 1486">
     <span class='ocr_line' id='line_1_11' title="bbox 127 1396 1373 1486; baseline -0.001 -21"><span class='ocrx_word' id='word_1_83' title='bbox 127 1396 197 1486; x_wconf 88' lang='lat' dir='ltr'><strong>quo</strong></span> <span class='ocrx_word' id='word_1_84' title='bbox 211 1405 341 1484; x_wconf 86' lang='lat' dir='ltr'><strong>probato</strong></span> <span class='ocrx_word' id='word_1_85' title='bbox 363 1404 482 1484; x_wconf 84' lang='lat' dir='ltr'><strong>legeris,</strong></span> <span class='ocrx_word' id='word_1_86' title='bbox 504 1403 576 1486; x_wconf 87' lang='lat' dir='ltr'><strong>quis</strong></span> <span class='ocrx_word' id='word_1_87' title='bbox 590 1403 654 1464; x_wconf 88' lang='lat' dir='ltr'><strong>eius</strong></span> <span class='ocrx_word' id='word_1_88' title='bbox 675 1401 811 1477; x_wconf 84' lang='lat' dir='ltr'><strong>effectus,</strong></span> <span class='ocrx_word' id='word_1_89' title='bbox 833 1421 1031 1483; x_wconf 74' lang='lat' dir='ltr'><strong>quassatus,</strong></span> <span class='ocrx_word' id='word_1_90' title='bbox 1055 1406 1127 1486; x_wconf 75' lang='lat' dir='ltr'><strong>&#39;quis</strong></span> <span class='ocrx_word' id='word_1_91' title='bbox 1149 1408 1276 1471; x_wconf 86' lang='lat' dir='ltr'><strong>curandi</strong></span> <span class='ocrx_word' id='word_1_92' title='bbox 1322 1424 1333 1439; x_wconf 65' lang='lat'><strong>⁶</strong></span> <span class='ocrx_word' id='word_1_93' title='bbox 1349 1412 1373 1443; x_wconf 64' lang='lat'><strong>¹³</strong></span> 
     </span>
    </p>
   </div>
   <div class='ocr_carea' id='block_1_4' title="bbox 126 1501 1342 2505">
    <p class='ocr_par' dir='ltr' id='par_1_5' title="bbox 126 1501 1342 2505">
     <span class='ocr_line' id='line_1_12' title="bbox 126 1501 1275 1586; baseline 0.003 -20"><span class='ocrx_word' id='word_1_94' title='bbox 126 1504 258 1568; x_wconf 75' lang='lat' dir='ltr'><strong>modus?</strong></span> <span class='ocrx_word' id='word_1_95' title='bbox 301 1505 391 1568; x_wconf 87' lang='lat' dir='ltr'><strong>Nihil</strong></span> <span class='ocrx_word' id='word_1_96' title='bbox 412 1501 693 1586; x_wconf 44' lang='lat' dir='ltr'><strong>estsquodvmagis</strong></span> <span class='ocrx_word' id='word_1_97' title='bbox 714 1505 791 1565; x_wconf 86' lang='lat' dir='ltr'><strong>scire</strong></span> <span class='ocrx_word' id='word_1_98' title='bbox 808 1505 936 1578; x_wconf 67' lang='lat' dir='ltr'><strong>vellem,</strong></span> <span class='ocrx_word' id='word_1_99' title='bbox 959 1503 1034 1586; x_wconf 92' lang='lat' dir='ltr'><strong>quid</strong></span> <span class='ocrx_word' id='word_1_100' title='bbox 1055 1506 1162 1568; x_wconf 78' lang='lat' dir='ltr'><strong>ritedici</strong></span> <span class='ocrx_word' id='word_1_101' title='bbox 1180 1511 1275 1571; x_wconf 83' lang='lat' dir='ltr'><strong>vestrl</strong></span> 
     </span>
     <span class='ocr_line' id='line_1_13' title="bbox 129 1604 1276 1691; baseline 0.005 -23"><span class='ocrx_word' id='word_1_102' title='bbox 129 1609 280 1688; x_wconf 74' lang='lat' dir='ltr'><strong>gymnasii</strong></span> <span class='ocrx_word' id='word_1_103' title='bbox 301 1605 494 1691; x_wconf 85' lang='lat' dir='ltr'><strong>(ingolstad.)</strong></span> <span class='ocrx_word' id='word_1_104' title='bbox 516 1604 556 1666; x_wconf 83' lang='lat' dir='ltr'><strong>cle</strong></span> <span class='ocrx_word' id='word_1_105' title='bbox 578 1627 615 1666; x_wconf 92' lang='lat' dir='ltr'><strong>eo</strong></span> <span class='ocrx_word' id='word_1_106' title='bbox 637 1605 800 1666; x_wconf 77' lang='lat' dir='ltr'><strong>sentirent:</strong></span> <span class='ocrx_word' id='word_1_107' title='bbox 821 1607 972 1666; x_wconf 87' lang='lat' dir='ltr'><strong>necvelis</strong></span> <span class='ocrx_word' id='word_1_108' title='bbox 991 1608 1142 1686; x_wconf 87' lang='lat' dir='ltr'><strong>segnisin</strong></span> <span class='ocrx_word' id='word_1_109' title='bbox 1163 1613 1221 1671; x_wconf 89' lang='lat' dir='ltr'><strong>hac</strong></span> <span class='ocrx_word' id='word_1_110' title='bbox 1241 1634 1276 1674; x_wconf 88' lang='lat' dir='ltr'><strong>re</strong></span> 
     </span>
     <span class='ocr_line' id='line_1_14' title="bbox 130 1705 1277 1790; baseline 0.003 -20"><span class='ocrx_word' id='word_1_111' title='bbox 130 1731 193 1770; x_wconf 89' lang='lat' dir='ltr'><strong>esse</strong></span> <span class='ocrx_word' id='word_1_112' title='bbox 211 1722 250 1772; x_wconf 70' lang='lat' dir='ltr'><strong>&#39;et</strong></span> <span class='ocrx_word' id='word_1_113' title='bbox 272 1710 400 1771; x_wconf 89' lang='lat' dir='ltr'><strong>scrutari</strong></span> <span class='ocrx_word' id='word_1_114' title='bbox 419 1729 533 1790; x_wconf 88' lang='lat' dir='ltr'><strong>meque</strong></span> <span class='ocrx_word' id='word_1_115' title='bbox 563 1720 670 1786; x_wconf 88' lang='lat' dir='ltr'><strong>postea</strong></span> <span class='ocrx_word' id='word_1_116' title='bbox 692 1705 730 1767; x_wconf 90' lang='lat' dir='ltr'><strong>de</strong></span> <span class='ocrx_word' id='word_1_117' title='bbox 751 1708 800 1768; x_wconf 89' lang='lat' dir='ltr'><strong>bis</strong></span> <span class='ocrx_word' id='word_1_118' title='bbox 821 1709 979 1773; x_wconf 84' lang='lat' dir='ltr'><strong>certiorem</strong></span> <span class='ocrx_word' id='word_1_119' title='bbox 1002 1708 1139 1772; x_wconf 77' lang='lat' dir='ltr'><strong>reddere.</strong></span> <span class='ocrx_word' id='word_1_120' title='bbox 1188 1714 1277 1776; x_wconf 89' lang='lat' dir='ltr'><strong>Non·</strong></span> 
     </span>
     <span class='ocr_line' id='line_1_15' title="bbox 129 1808 1277 1891; baseline 0.008 -21"><span class='ocrx_word' id='word_1_121' title='bbox 129 1812 208 1871; x_wconf 90' lang='lat' dir='ltr'><strong>nulli</strong></span> <span class='ocrx_word' id='word_1_122' title='bbox 229 1809 339 1871; x_wconf 87' lang='lat' dir='ltr'><strong>medici</strong></span> <span class='ocrx_word' id='word_1_123' title='bbox 360 1811 458 1870; x_wconf 81' lang='lat' dir='ltr'><strong>nostri</strong></span> <span class='ocrx_word' id='word_1_124' title='bbox 483 1808 588 1870; x_wconf 89' lang='lat' dir='ltr'><strong>dicunt</strong></span> <span class='ocrx_word' id='word_1_125' title='bbox 610 1831 679 1870; x_wconf 89' lang='lat' dir='ltr'><strong>eum</strong></span> <span class='ocrx_word' id='word_1_126' title='bbox 698 1811 840 1870; x_wconf 86' lang='lat' dir='ltr'><strong>morbum</strong></span> <span class='ocrx_word' id='word_1_127' title='bbox 864 1832 968 1890; x_wconf 86' lang='lat' dir='ltr'><strong>parem</strong></span> <span class='ocrx_word' id='word_1_128' title='bbox 993 1832 1056 1873; x_wconf 89' lang='lat' dir='ltr'><strong>esse</strong></span> <span class='ocrx_word' id='word_1_129' title='bbox 1068 1817 1213 1891; x_wconf 79' lang='lat' dir='ltr'><strong>verrucis,</strong></span> <span class='ocrx_word' id='word_1_130' title='bbox 1239 1817 1277 1879; x_wconf 91' lang='lat' dir='ltr'><strong>de</strong></span> 
     </span>
     <span class='ocr_line' id='line_1_16' title="bbox 130 1900 1278 1994; baseline 0.008 -22"><span class='ocrx_word' id='word_1_131' title='bbox 130 1934 193 1994; x_wconf 88' lang='lat' dir='ltr'><strong>quo</strong></span> <span class='ocrx_word' id='word_1_132' title='bbox 221 1912 374 1989; x_wconf 87' lang='lat' dir='ltr'><strong>singulare</strong></span> <span class='ocrx_word' id='word_1_133' title='bbox 397 1911 564 1991; x_wconf 89' lang='lat' dir='ltr'><strong>capitulum</strong></span> <span class='ocrx_word' id='word_1_134' title='bbox 585 1932 648 1972; x_wconf 91' lang='lat' dir='ltr'><strong>esse</strong></span> <span class='ocrx_word' id='word_1_135' title='bbox 670 1900 773 1984; x_wconf 82' lang='lat' dir='ltr'><strong>aiunt,</strong></span> <span class='ocrx_word' id='word_1_136' title='bbox 795 1912 848 1972; x_wconf 89' lang='lat' dir='ltr'><strong>sed</strong></span> <span class='ocrx_word' id='word_1_137' title='bbox 872 1912 993 1974; x_wconf 88' lang='lat' dir='ltr'><strong>videtur</strong></span> <span class='ocrx_word' id='word_1_138' title='bbox 1013 1916 1091 1975; x_wconf 89' lang='lat' dir='ltr'><strong>mihi</strong></span> <span class='ocrx_word' id='word_1_139' title='bbox 1112 1937 1175 1978; x_wconf 91' lang='lat' dir='ltr'><strong>non</strong></span> <span class='ocrx_word' id='word_1_140' title='bbox 1196 1923 1278 1982; x_wconf 87' lang='lat' dir='ltr'><strong>veri·</strong></span> 
     </span>
     <span class='ocr_line' id='line_1_17' title="bbox 130 2013 1277 2090; baseline 0.005 -14"><span class='ocrx_word' id='word_1_141' title='bbox 130 2018 244 2078; x_wconf 81' lang='lat' dir='ltr'><strong>siruile:</strong></span> <span class='ocrx_word' id='word_1_142' title='bbox 260 2035 395 2075; x_wconf 75' lang='lat' dir='ltr'><strong>¹verruca</strong></span> <span class='ocrx_word' id='word_1_143' title='bbox 413 2014 495 2074; x_wconf 87' lang='lat' dir='ltr'><strong>enim</strong></span> <span class='ocrx_word' id='word_1_144' title='bbox 516 2031 578 2072; x_wconf 89' lang='lat' dir='ltr'><strong>non</strong></span> <span class='ocrx_word' id='word_1_145' title='bbox 601 2025 644 2072; x_wconf 89' lang='lat' dir='ltr'><strong>est</strong></span> <span class='ocrx_word' id='word_1_146' title='bbox 663 2013 845 2090; x_wconf 88' lang='lat' dir='ltr'><strong>contagiosa.</strong></span> <span class='ocrx_word' id='word_1_147' title='bbox 900 2015 1057 2076; x_wconf 88' lang='lat' dir='ltr'><strong>Plinius</strong></span> <span class='ocrx_word' id='word_1_148' title='bbox 1079 2030 1180 2079; x_wconf 86' lang='lat' dir='ltr'><strong>autem</strong></span> <span class='ocrx_word' id='word_1_149' title='bbox 1205 2024 1277 2082; x_wconf 87' lang='lat' dir='ltr'><strong>scri-</strong></span> 
     </span>
     <span class='ocr_line' id='line_1_18' title="bbox 130 2115 1277 2199; baseline 0.009 -21"><span class='ocrx_word' id='word_1_150' title='bbox 130 2121 175 2180; x_wconf 88' lang='lat' dir='ltr'><strong>bit</strong></span> <span class='ocrx_word' id='word_1_151' title='bbox 191 2119 300 2179; x_wconf 89' lang='lat' dir='ltr'>XXVI</span> <span class='ocrx_word' id='word_1_152' title='bbox 322 2118 454 2197; x_wconf 86' lang='lat' dir='ltr'><strong>capitulo</strong></span> <span class='ocrx_word' id='word_1_153' title='bbox 483 2115 520 2176; x_wconf 90' lang='lat' dir='ltr'><strong>de</strong></span> <span class='ocrx_word' id='word_1_154' title='bbox 542 2117 651 2177; x_wconf 88' lang='lat' dir='ltr'><strong>morbo</strong></span> <span class='ocrx_word' id='word_1_155' title='bbox 672 2129 859 2194; x_wconf 85' lang='lat' dir='ltr'><strong>mentagora,</strong></span> <span class='ocrx_word' id='word_1_156' title='bbox 884 2119 939 2199; x_wconf 87' lang='lat' dir='ltr'><strong>qui</strong></span> <span class='ocrx_word' id='word_1_157' title='bbox 960 2132 1097 2198; x_wconf 91' lang='lat' dir='ltr'><strong>tempore</strong></span> <span class='ocrx_word' id='word_1_158' title='bbox 1122 2125 1277 2187; x_wconf 89' lang='lat' dir='ltr'><strong>Tiberii</strong></span> 
     </span>
     <span class='ocr_line' id='line_1_19' title="bbox 130 2215 1278 2306; baseline 0.008 -28"><span class='ocrx_word' id='word_1_159' title='bbox 130 2221 298 2299; x_wconf 88' lang='lat' dir='ltr'><strong>plurimum</strong></span> <span class='ocrx_word' id='word_1_160' title='bbox 320 2219 425 2295; x_wconf 84' lang='lat' dir='ltr'><strong>valuit,</strong></span> <span class='ocrx_word' id='word_1_161' title='bbox 450 2215 612 2281; x_wconf 89' lang='lat' dir='ltr'><strong>etidcirco</strong></span> <span class='ocrx_word' id='word_1_162' title='bbox 634 2231 841 2297; x_wconf 84' lang='lat' dir='ltr'><strong>mentagoram</strong></span> <span class='ocrx_word' id='word_1_163' title='bbox 870 2220 1025 2296; x_wconf 74' lang='lat' dir='ltr'><strong>narnium,</strong></span> <span class='ocrx_word' id='word_1_164' title='bbox 1054 2222 1138 2306; x_wconf 82' lang='lat' dir='ltr'><strong>qttod</strong></span> <span class='ocrx_word' id='word_1_165' title='bbox 1165 2226 1278 2288; x_wconf 87' lang='lat' dir='ltr'><strong>invasit</strong></span> 
     </span>
     <span class='ocr_line' id='line_1_20' title="bbox 130 2321 1342 2404; baseline 0.007 -22"><span class='ocrx_word' id='word_1_166' title='bbox 130 2322 269 2388; x_wconf 84' lang='lat' dir='ltr'><strong>homines</strong></span> <span class='ocrx_word' id='word_1_167' title='bbox 290 2324 422 2404; x_wconf 87' lang='lat' dir='ltr'><strong>primum</strong></span> <span class='ocrx_word' id='word_1_168' title='bbox 445 2323 478 2396; x_wconf 78' lang='lat' dir='ltr'><strong>in</strong></span> <span class='ocrx_word' id='word_1_169' title='bbox 499 2335 613 2384; x_wconf 86' lang='lat' dir='ltr'><strong>mento.</strong></span> <span class='ocrx_word' id='word_1_170' title='bbox 656 2321 716 2386; x_wconf 89' lang='lat' dir='ltr'><strong>Sed</strong></span> <span class='ocrx_word' id='word_1_171' title='bbox 746 2345 826 2404; x_wconf 89' lang='lat' dir='ltr'><strong>quac</strong></span> <span class='ocrx_word' id='word_1_172' title='bbox 848 2337 903 2389; x_wconf 83' lang='lat' dir='ltr'><strong>tua</strong></span> <span class='ocrx_word' id='word_1_173' title='bbox 925 2325 990 2385; x_wconf 85' lang='lat' dir='ltr'><strong>eius</strong></span> <span class='ocrx_word' id='word_1_174' title='bbox 1016 2326 1216 2403; x_wconf 76' lang='lat' dir='ltr'><strong>aegritudinis</strong></span> <span class='ocrx_word' id='word_1_175' title='bbox 1236 2331 1302 2391; x_wconf 80' lang='lat' dir='ltr'><strong>sit·</strong></span> <span class='ocrx_word' id='word_1_176' title='bbox 1337 2349 1342 2379; x_wconf 80' lang='lat'>=</span> 
     </span>
     <span class='ocr_line' id='line_1_21' title="bbox 130 2426 964 2505; baseline 0.006 -18"><span class='ocrx_word' id='word_1_177' title='bbox 130 2447 233 2503; x_wconf 85' lang='lat' dir='ltr'><strong>mens,</strong></span> <span class='ocrx_word' id='word_1_178' title='bbox 265 2447 375 2504; x_wconf 55' lang='lat' dir='ltr'><strong>rogo„</strong></span> <span class='ocrx_word' id='word_1_179' title='bbox 390 2446 455 2488; x_wconf 90' lang='lat' dir='ltr'><strong>eam</strong></span> <span class='ocrx_word' id='word_1_180' title='bbox 478 2446 540 2486; x_wconf 92' lang='lat' dir='ltr'><strong>non</strong></span> <span class='ocrx_word' id='word_1_181' title='bbox 562 2426 642 2496; x_wconf 50' lang='lat' dir='ltr'><strong>telis¹</strong></span> <span class='ocrx_word' id='word_1_182' title='bbox 656 2447 767 2505; x_wconf 82' lang='lat' dir='ltr'><strong>negare</strong></span> <span class='ocrx_word' id='word_1_183' title='bbox 788 2428 901 2491; x_wconf 63' lang='lat' dir='ltr'><strong>mihie-</strong></span> <span class='ocrx_word' id='word_1_184' title='bbox 961 2464 964 2469; x_wconf 90' lang='lat'><strong>·</strong></span> 
     </span>
    </p>
   </div>
   <div class='ocr_carea' id='block_1_5' title="bbox 132 2511 1278 3119">
    <p class='ocr_par' dir='ltr' id='par_1_6' title="bbox 132 2511 1276 2809">
     <span class='ocr_line' id='line_1_22' title="bbox 203 2511 1276 2600; baseline 0.004 -19"><span class='ocrx_word' id='word_1_185' title='bbox 203 2529 279 2599; x_wconf 74' lang='lat' dir='ltr'><strong>(llus¹</strong></span> <span class='ocrx_word' id='word_1_186' title='bbox 291 2529 378 2597; x_wconf 73' lang='lat' dir='ltr'><strong>ciuem</strong></span> <span class='ocrx_word' id='word_1_187' title='bbox 397 2527 487 2583; x_wconf 82' lang='lat' dir='ltr'><strong>Briele</strong></span> <span class='ocrx_word' id='word_1_188' title='bbox 511 2546 571 2581; x_wconf 88' lang='grc' dir='ltr'>ιοιιι</span> <span class='ocrx_word' id='word_1_189' title='bbox 588 2527 706 2600; x_wconf 48' lang='lat' dir='ltr'><strong>‘Hmi-</strong></span> <span class='ocrx_word' id='word_1_190' title='bbox 725 2531 857 2587; x_wconf 72' lang='grc' dir='ltr'>1496·,ιιι</span> <span class='ocrx_word' id='word_1_191' title='bbox 878 2527 979 2581; x_wconf 88' lang='lat' dir='ltr'><strong>Conr.</strong></span> <span class='ocrx_word' id='word_1_192' title='bbox 997 2527 1117 2583; x_wconf 83' lang='lat' dir='ltr'><strong>Celtas</strong></span> <span class='ocrx_word' id='word_1_193' title='bbox 1141 2531 1168 2583; x_wconf 84' lang='lat' dir='ltr'><strong>in</strong></span> <span class='ocrx_word' id='word_1_194' title='bbox 1182 2511 1276 2589; x_wconf 52' lang='lat' dir='ltr'><strong>irrue</strong></span> 
     </span>
     <span class='ocr_line' id='line_1_23' title="bbox 132 2615 1140 2702; baseline 0.003 -34"><span class='ocrx_word' id='word_1_195' title='bbox 132 2635 198 2685; x_wconf 84' lang='lat' dir='ltr'><strong>ner,</strong></span> <span class='ocrx_word' id='word_1_196' title='bbox 217 2615 391 2690; x_wconf 74' lang='lat' dir='ltr'><strong>spicilegium</strong></span> <span class='ocrx_word' id='word_1_197' title='bbox 410 2615 571 2687; x_wconf 83' lang='lat' dir='ltr'><strong>scriptorum</strong></span> <span class='ocrx_word' id='word_1_198' title='bbox 591 2615 623 2702; x_wconf 81' lang='lat' dir='ltr'><strong>de</strong></span> <span class='ocrx_word' id='word_1_199' title='bbox 640 2616 739 2701; x_wconf 75' lang='lat' dir='ltr'><strong>morbo</strong></span> <span class='ocrx_word' id='word_1_200' title='bbox 758 2615 863 2685; x_wconf 85' lang='lat' dir='ltr'><strong>gallico.</strong></span> <span class='ocrx_word' id='word_1_201' title='bbox 882 2616 926 2669; x_wconf 77' lang='lat' dir='ltr'><strong>lX,</strong></span> <span class='ocrx_word' id='word_1_202' title='bbox 945 2619 961 2668; x_wconf 88' lang='grc'>8</span> <span class='ocrx_word' id='word_1_203' title='bbox 980 2635 1007 2672; x_wconf 89' lang='grc' dir='ltr'><strong>ιι.</strong></span> <span class='ocrx_word' id='word_1_204' title='bbox 1027 2616 1059 2668; x_wconf 90' lang='grc' dir='ltr'><strong>Χ.</strong></span> <span class='ocrx_word' id='word_1_205' title='bbox 1065 2620 1116 2684; x_wconf 22' lang='grc'>13.)</span> <span class='ocrx_word' id='word_1_206' title='bbox 1137 2667 1140 2671; x_wconf 88' lang='grc'><em>,</em></span> 
     </span>
     <span class='ocr_line' id='line_1_24' title="bbox 154 2703 896 2809; baseline -0.001 -71"><span class='ocrx_word' id='word_1_207' title='bbox 154 2804 156 2809; x_wconf 23' lang='grc' dir='ltr'>Ι</span> <span class='ocrx_word' id='word_1_208' title='bbox 507 2703 523 2739; x_wconf 75' lang='grc' dir='ltr'><strong>ι</strong></span> <span class='ocrx_word' id='word_1_209' title='bbox 559 2773 604 2802; x_wconf 69' lang='lat'><strong>4.</strong></span> <span class='ocrx_word' id='word_1_210' title='bbox 695 2748 711 2783; x_wconf 66' lang='grc'><em>*</em></span> <span class='ocrx_word' id='word_1_211' title='bbox 881 2703 896 2737; x_wconf 75' lang='grc' dir='ltr'><strong>ι</strong></span> 
     </span>
    </p>

    <p class='ocr_par' dir='ltr' id='par_1_7' title="bbox 133 2789 1278 3119">
     <span class='ocr_line' id='line_1_25' title="bbox 220 2789 1277 2926; baseline 0.003 -34"><span class='ocrx_word' id='word_1_212' title='bbox 220 2836 247 2892; x_wconf 85' lang='lat' dir='ltr'><strong>b</strong></span> <span class='ocrx_word' id='word_1_213' title='bbox 280 2795 438 2908; x_wconf 83' lang='lat' dir='ltr'><strong>Peregrini</strong></span> <span class='ocrx_word' id='word_1_214' title='bbox 457 2832 560 2908; x_wconf 82' lang='lat' dir='ltr'><strong>morbi</strong></span> <span class='ocrx_word' id='word_1_215' title='bbox 582 2789 752 2923; x_wconf 74' lang='lat' dir='ltr'><strong>malignitas</strong></span> <span class='ocrx_word' id='word_1_216' title='bbox 772 2844 827 2926; x_wconf 79' lang='lat' dir='ltr'><strong>tua</strong></span> <span class='ocrx_word' id='word_1_217' title='bbox 847 2835 1026 2899; x_wconf 83' lang='lat' dir='ltr'><strong>auctoritate</strong></span> <span class='ocrx_word' id='word_1_218' title='bbox 1044 2853 1098 2894; x_wconf 84' lang='lat' dir='ltr'><strong>nte</strong></span> <span class='ocrx_word' id='word_1_219' title='bbox 1119 2798 1277 2895; x_wconf 80' lang='lat' dir='ltr'><strong>certiorem</strong></span> 
     </span>
     <span class='ocr_line' id='line_1_26' title="bbox 133 2933 1278 3021; baseline 0.004 -28"><span class='ocrx_word' id='word_1_220' title='bbox 133 2935 213 3012; x_wconf 80' lang='lat' dir='ltr'><strong>lacit.</strong></span> <span class='ocrx_word' id='word_1_221' title='bbox 262 2933 348 3003; x_wconf 79' lang='lat' dir='ltr'><strong>Eius.</strong></span> <span class='ocrx_word' id='word_1_222' title='bbox 354 2954 459 3014; x_wconf 77' lang='lat' dir='ltr'><strong>curam</strong></span> <span class='ocrx_word' id='word_1_223' title='bbox 488 2945 517 2998; x_wconf 82' lang='lat' dir='ltr'><strong>et</strong></span> <span class='ocrx_word' id='word_1_224' title='bbox 529 2933 677 3021; x_wconf 74' lang='lat' dir='ltr'><strong>libenter</strong></span> <span class='ocrx_word' id='word_1_225' title='bbox 703 2935 806 3013; x_wconf 83' lang='lat' dir='ltr'><strong>accepi</strong></span> <span class='ocrx_word' id='word_1_226' title='bbox 834 2947 862 3003; x_wconf 87' lang='lat' dir='ltr'><strong>et</strong></span> <span class='ocrx_word' id='word_1_227' title='bbox 884 2937 960 2998; x_wconf 91' lang='lat' dir='ltr'><strong>aliis</strong></span> <span class='ocrx_word' id='word_1_228' title='bbox 973 2934 1158 2998; x_wconf 83' lang='lat' dir='ltr'><strong>distribuere</strong></span> <span class='ocrx_word' id='word_1_229' title='bbox 1176 2938 1278 3015; x_wconf 87' lang='lat' dir='ltr'><strong>cupio.</strong></span> 
     </span>
     <span class='ocr_line' id='line_1_27' title="bbox 134 3036 1278 3119; baseline 0.003 -23"><span class='ocrx_word' id='word_1_230' title='bbox 134 3036 249 3119; x_wconf 71' lang='lat' dir='ltr'><strong>Serpit,</strong></span> <span class='ocrx_word' id='word_1_231' title='bbox 256 3037 336 3112; x_wconf 82' lang='lat' dir='ltr'><strong>euim</strong></span> <span class='ocrx_word' id='word_1_232' title='bbox 348 3037 545 3116; x_wconf 69' lang='lat' dir='ltr'><strong>paullisper</strong></span> <span class='ocrx_word' id='word_1_233' title='bbox 537 3059 568 3107; x_wconf 88' lang='grc' dir='ltr'><strong>ιιι</strong></span> <span class='ocrx_word' id='word_1_234' title='bbox 591 3050 706 3100; x_wconf 83' lang='lat' dir='ltr'><strong>nostra</strong></span> <span class='ocrx_word' id='word_1_235' title='bbox 716 3040 802 3102; x_wconf 86' lang='lat' dir='ltr'><strong>urbe.</strong></span> <span class='ocrx_word' id='word_1_236' title='bbox 847 3037 995 3113; x_wconf 70' lang='lat' dir='ltr'><strong>Querelae</strong></span> <span class='ocrx_word' id='word_1_237' title='bbox 1017 3052 1087 3100; x_wconf 88' lang='lat' dir='ltr'><strong>tuoe</strong></span> <span class='ocrx_word' id='word_1_238' title='bbox 1108 3036 1278 3101; x_wconf 85' lang='lat' dir='ltr'><strong>remedium</strong></span> 
     </span>
    </p>
   </div>
   <div class='ocr_carea' id='block_1_6' title="bbox 135 3135 686 3219">
    <p class='ocr_par' dir='ltr' id='par_1_8' title="bbox 135 3135 686 3219">
     <span class='ocr_line' id='line_1_28' title="bbox 135 3135 686 3219; baseline 0.002 -21"><span class='ocrx_word' id='word_1_239' title='bbox 135 3136 281 3212; x_wconf 86' lang='lat' dir='ltr'><strong>adhibere</strong></span> <span class='ocrx_word' id='word_1_240' title='bbox 293 3151 402 3219; x_wconf 82' lang='lat' dir='ltr'><strong>potes3</strong></span> <span class='ocrx_word' id='word_1_241' title='bbox 427 3135 554 3200; x_wconf 81' lang='lat' dir='ltr'><strong>ttxorem</strong></span> <span class='ocrx_word' id='word_1_242' title='bbox 576 3141 686 3218; x_wconf 83' lang='lat' dir='ltr'><strong>accipe.</strong></span> 
     </span>
    </p>
   </div>
   <div class='ocr_carea' id='block_1_7' title="bbox 114 3196 1254 3314">
    <p class='ocr_par' dir='ltr' id='par_1_9' title="bbox 114 3196 1254 3314">
     <span class='ocr_line' id='line_1_29' title="bbox 114 3196 1254 3314; baseline 0.002 -21"><span class='ocrx_word' id='word_1_243' title='bbox 114 3241 124 3250; x_wconf 79' lang='grc'><em>“</em></span> <span class='ocrx_word' id='word_1_244' title='bbox 154 3240 315 3314; x_wconf 79' lang='lat' dir='ltr'><strong>(Aus&#39;</strong></span> <span class='ocrx_word' id='word_1_245' title='bbox 293 3259 381 3293; x_wconf 88' lang='lat' dir='ltr'><strong>ernem</strong></span> <span class='ocrx_word' id='word_1_246' title='bbox 400 3240 502 3293; x_wconf 82' lang='lat' dir='ltr'><strong>andern</strong></span> <span class='ocrx_word' id='word_1_247' title='bbox 520 3238 609 3304; x_wconf 83' lang='lat' dir='ltr'><strong>Brisle</strong></span> <span class='ocrx_word' id='word_1_248' title='bbox 628 3239 694 3311; x_wconf 77' lang='lat' dir='ltr'><strong>deso.</strong></span> <span class='ocrx_word' id='word_1_249' title='bbox 710 3239 789 3293; x_wconf 74' lang='lat' dir='ltr'><strong>tahrs</strong></span> <span class='ocrx_word' id='word_1_250' title='bbox 807 3259 841 3293; x_wconf 86' lang='lat' dir='ltr'><strong>an</strong></span> <span class='ocrx_word' id='word_1_251' title='bbox 861 3196 1002 3292; x_wconf 67' lang='lat' dir='ltr'><strong>deltos</strong></span> <span class='ocrx_word' id='word_1_252' title='bbox 995 3239 1058 3294; x_wconf 85' lang='lat' dir='ltr'><strong>ibid.</strong></span> <span class='ocrx_word' id='word_1_253' title='bbox 1073 3241 1096 3293; x_wconf 87' lang='lat' dir='ltr'>X</span> <span class='ocrx_word' id='word_1_254' title='bbox 1116 3260 1141 3312; x_wconf 90' lang='lat' dir='ltr'><strong>p.</strong></span> <span class='ocrx_word' id='word_1_255' title='bbox 1155 3243 1254 3306; x_wconf 84' lang='grc'><strong>6).</strong></span> 
     </span>
    </p>
   </div>
   <div class='ocr_carea' id='block_1_8' title="bbox 509 3327 997 3413">
    <p class='ocr_par' dir='ltr' id='par_1_10' title="bbox 509 3327 997 3413">
     <span class='ocr_line' id='line_1_30' title="bbox 509 3327 898 3363; baseline -0.003 0"><span class='ocrx_word' id='word_1_256' title='bbox 509 3329 524 3363; x_wconf 70' lang='grc' dir='ltr'><strong>ιι</strong></span> <span class='ocrx_word' id='word_1_257' title='bbox 882 3327 898 3362; x_wconf 69' lang='grc' dir='ltr'><strong>ιι</strong></span> 
     </span>
     <span class='ocr_line' id='line_1_31' title="bbox 601 3373 997 3413; baseline 0.005 -2"><span class='ocrx_word' id='word_1_258' title='bbox 601 3373 810 3413; x_wconf 55' lang='lat' dir='ltr'><strong>sats:</strong></span> <span class='ocrx_word' id='word_1_259' title='bbox 994 3374 997 3379; x_wconf 81' lang='grc'><strong>’</strong></span> 
     </span>
    </p>
   </div>
   <div class='ocr_carea' id='block_1_9' title="bbox 136 3414 1286 4552">
    <p class='ocr_par' dir='ltr' id='par_1_11' title="bbox 136 3414 1286 4466">
     <span class='ocr_line' id='line_1_32' title="bbox 174 3414 1281 3536; baseline 0.004 -18"><span class='ocrx_word' id='word_1_260' title='bbox 174 3510 175 3515; x_wconf 69' lang='grc'>,</span> <span class='ocrx_word' id='word_1_261' title='bbox 196 3481 248 3524; x_wconf 97' lang='grc'>6.</span> <span class='ocrx_word' id='word_1_262' title='bbox 267 3414 509 3528; x_wconf 69' lang='lat' dir='ltr'><strong>„Vehementer</strong></span> <span class='ocrx_word' id='word_1_263' title='bbox 526 3458 687 3535; x_wconf 88' lang='lat' dir='ltr'><strong>dolebam,</strong></span> <span class='ocrx_word' id='word_1_264' title='bbox 719 3472 774 3534; x_wconf 85' lang='lat' dir='ltr'><strong>tc‚.</strong></span> <span class='ocrx_word' id='word_1_265' title='bbox 802 3457 1110 3536; x_wconf 64' lang='lat' dir='ltr'><strong>sublimissimum,</strong></span> <span class='ocrx_word' id='word_1_266' title='bbox 1139 3460 1199 3520; x_wconf 81' lang='lat' dir='ltr'><strong>lus·</strong></span> <span class='ocrx_word' id='word_1_267' title='bbox 1215 3462 1281 3522; x_wconf 53' lang='lat' dir='ltr'><strong>cors</strong></span> 
     </span>
     <span class='ocr_line' id='line_1_33' title="bbox 136 3561 1281 3640; baseline 0.002 -19"><span class='ocrx_word' id='word_1_268' title='bbox 136 3574 256 3640; x_wconf 87' lang='lat' dir='ltr'><strong>reptum</strong></span> <span class='ocrx_word' id='word_1_269' title='bbox 279 3563 372 3623; x_wconf 87' lang='lat' dir='ltr'><strong>fuisse</strong></span> <span class='ocrx_word' id='word_1_270' title='bbox 393 3564 559 3639; x_wconf 85' lang='lat' dir='ltr'><strong>lichenica,</strong></span> <span class='ocrx_word' id='word_1_271' title='bbox 597 3561 708 3624; x_wconf 89' lang='lat' dir='ltr'><strong>deinde</strong></span> <span class='ocrx_word' id='word_1_272' title='bbox 735 3562 874 3625; x_wconf 60' lang='grc' dir='ltr'><strong>ιιοῐιιιιιιἒ</strong></span> <span class='ocrx_word' id='word_1_273' title='bbox 888 3563 989 3623; x_wconf 76' lang='lat' dir='ltr'><strong>illam:</strong></span> <span class='ocrx_word' id='word_1_274' title='bbox 1004 3575 1113 3623; x_wconf 79' lang='lat' dir='ltr'><strong>sectam</strong></span> <span class='ocrx_word' id='word_1_275' title='bbox 1139 3563 1201 3624; x_wconf 77' lang='lat' dir='ltr'><strong>tibi</strong></span> <span class='ocrx_word' id='word_1_276' title='bbox 1224 3565 1281 3623; x_wconf 69' lang='lat' dir='ltr'><strong>alia</strong></span> 
     </span>
     <span class='ocr_line' id='line_1_34' title="bbox 136 3662 1281 3753; baseline -0.003 -28"><span class='ocrx_word' id='word_1_277' title='bbox 136 3665 330 3753; x_wconf 72' lang='lat' dir='ltr'><strong>quantulum</strong></span> <span class='ocrx_word' id='word_1_278' title='bbox 343 3684 406 3725; x_wconf 88' lang='lat' dir='ltr'><strong>esse</strong></span> <span class='ocrx_word' id='word_1_279' title='bbox 426 3662 632 3745; x_wconf 75' lang='lat' dir='ltr'><strong>advsrmtau13</strong></span> <span class='ocrx_word' id='word_1_280' title='bbox 660 3663 711 3726; x_wconf 88' lang='lat' dir='ltr'><strong>sed</strong></span> <span class='ocrx_word' id='word_1_281' title='bbox 740 3684 846 3727; x_wconf 87' lang='lat' dir='ltr'><strong>rursus</strong></span> <span class='ocrx_word' id='word_1_282' title='bbox 868 3665 989 3732; x_wconf 74' lang='grc' dir='ltr'>ιιιὲιιιιιι</span> <span class='ocrx_word' id='word_1_283' title='bbox 1002 3665 1040 3724; x_wconf 89' lang='lat' dir='ltr'><strong>in·</strong></span> <span class='ocrx_word' id='word_1_284' title='bbox 1057 3663 1183 3725; x_wconf 85' lang='lat' dir='ltr'><strong>modurn</strong></span> <span class='ocrx_word' id='word_1_285' title='bbox 1207 3687 1281 3743; x_wconf 85' lang='lat' dir='ltr'><strong>gau-</strong></span> 
     </span>
     <span class='ocr_line' id='line_1_35' title="bbox 136 3764 1280 3850; baseline -0.004 -24"><span class='ocrx_word' id='word_1_286' title='bbox 136 3765 245 3829; x_wconf 84' lang='lat' dir='ltr'><strong>debam</strong></span> <span class='ocrx_word' id='word_1_287' title='bbox 268 3764 352 3846; x_wconf 73' lang='lat' dir='ltr'><strong>heard</strong></span> <span class='ocrx_word' id='word_1_288' title='bbox 382 3765 737 3850; x_wconf 79' lang='lat' dir='ltr'><strong>diffictrlter&#39;utrumquc</strong></span> <span class='ocrx_word' id='word_1_289' title='bbox 765 3767 890 3830; x_wconf 83' lang='lat' dir='ltr'><strong>virus-a</strong></span> <span class='ocrx_word' id='word_1_290' title='bbox 919 3774 1159 3840; x_wconf 75' lang='lat' dir='ltr'><strong>tununnensis,</strong></span> <span class='ocrx_word' id='word_1_291' title='bbox 1188 3785 1280 3846; x_wconf 84' lang='lat' dir='ltr'><strong>quarn</strong></span> 
     </span>
     <span class='ocr_line' id='line_1_36' title="bbox 137 3869 1283 3952; baseline -0.001 -25"><span class='ocrx_word' id='word_1_292' title='bbox 137 3869 179 3928; x_wconf 83' lang='lat' dir='ltr'><strong>sb</strong></span> <span class='ocrx_word' id='word_1_293' title='bbox 199 3871 531 3935; x_wconf 84' lang='lat' dir='ltr'><strong>Herculclernaeus</strong></span> <span class='ocrx_word' id='word_1_294' title='bbox 553 3893 694 3952; x_wconf 86' lang='lat' dir='ltr'><strong>serpens,</strong></span> <span class='ocrx_word' id='word_1_295' title='bbox 725 3872 886 3950; x_wconf 81' lang='lat' dir='ltr'><strong>explosum</strong></span> <span class='ocrx_word' id='word_1_296' title='bbox 910 3892 982 3931; x_wconf 86' lang='lat' dir='ltr'><strong>esse.</strong></span> <span class='ocrx_word' id='word_1_297' title='bbox 1033 3870 1184 3930; x_wconf 85' lang='lat' dir='ltr'><strong>Latuisset</strong></span> <span class='ocrx_word' id='word_1_298' title='bbox 1210 3876 1283 3945; x_wconf 84' lang='lat' dir='ltr'><strong>pro&#39;·</strong></span> 
     </span>
     <span class='ocr_line' id='line_1_37' title="bbox 138 3968 1284 4056; baseline 0.001 -30"><span class='ocrx_word' id='word_1_299' title='bbox 138 3968 215 4028; x_wconf 89' lang='lat' dir='ltr'><strong>secto</strong></span> <span class='ocrx_word' id='word_1_300' title='bbox 238 3991 285 4031; x_wconf 89' lang='lat' dir='ltr'><strong>me</strong></span> <span class='ocrx_word' id='word_1_301' title='bbox 307 3986 371 4034; x_wconf 89' lang='lat' dir='ltr'><strong>acta</strong></span> <span class='ocrx_word' id='word_1_302' title='bbox 394 3987 444 4034; x_wconf 83' lang='lat' dir='ltr'><strong>tua</strong></span> <span class='ocrx_word' id='word_1_303' title='bbox 468 3972 621 4056; x_wconf 81' lang='lat' dir='ltr'><strong>valitudo,</strong></span> <span class='ocrx_word' id='word_1_304' title='bbox 650 3975 683 4034; x_wconf 87' lang='lat' dir='ltr'><strong>ni</strong></span> <span class='ocrx_word' id='word_1_305' title='bbox 708 3972 902 4052; x_wconf 81' lang='lat' dir='ltr'><strong>perlegissem</strong></span> <span class='ocrx_word' id='word_1_306' title='bbox 916 3972 1060 4032; x_wconf 81' lang='lat' dir='ltr'><strong>carmina</strong></span> <span class='ocrx_word' id='word_1_307' title='bbox 1082 3983 1152 4032; x_wconf 88' lang='lat' dir='ltr'><strong>tuae</strong></span> <span class='ocrx_word' id='word_1_308' title='bbox 1172 3987 1284 4028; x_wconf 78' lang='lat' dir='ltr'><strong>contn-</strong></span> 
     </span>
     <span class='ocr_line' id='line_1_38' title="bbox 138 4069 1283 4155; baseline -0.001 -26"><span class='ocrx_word' id='word_1_309' title='bbox 138 4071 304 4134; x_wconf 84' lang='lat' dir='ltr'><strong>lescentise.</strong></span> <span class='ocrx_word' id='word_1_310' title='bbox 346 4075 505 4153; x_wconf 80' lang='lat' dir='ltr'><strong>Mirabar,</strong></span> <span class='ocrx_word' id='word_1_311' title='bbox 535 4078 631 4139; x_wconf 88' lang='lat' dir='ltr'><strong>immo</strong></span> <span class='ocrx_word' id='word_1_312' title='bbox 658 4077 822 4155; x_wconf 85' lang='lat' dir='ltr'><strong>stupebam</strong></span> <span class='ocrx_word' id='word_1_313' title='bbox 850 4075 925 4132; x_wconf 88' lang='lat' dir='ltr'><strong>haec</strong></span> <span class='ocrx_word' id='word_1_314' title='bbox 952 4075 1065 4151; x_wconf 89' lang='lat' dir='ltr'><strong>legens.</strong></span> <span class='ocrx_word' id='word_1_315' title='bbox 1109 4069 1175 4130; x_wconf 87' lang='lat' dir='ltr'><strong>Cor</strong></span> <span class='ocrx_word' id='word_1_316' title='bbox 1204 4071 1283 4129; x_wconf 90' lang='lat' dir='ltr'><strong>hanc</strong></span> 
     </span>
     <span class='ocr_line' id='line_1_39' title="bbox 138 4167 1284 4250; baseline -0.01 -9"><span class='ocrx_word' id='word_1_317' title='bbox 138 4174 482 4250; x_wconf 71' lang='lat' dir='ltr'><strong>ipsam..aegr.irudtnea</strong></span> <span class='ocrx_word' id='word_1_318' title='bbox 500 4179 618 4243; x_wconf 81' lang='lat' dir='ltr'><strong>celabas</strong></span> <span class='ocrx_word' id='word_1_319' title='bbox 641 4177 729 4250; x_wconf 86' lang='lat' dir='ltr'><strong>milri,</strong></span> <span class='ocrx_word' id='word_1_320' title='bbox 749 4175 844 4238; x_wconf 82' lang='lat' dir='ltr'><strong>veluti</strong></span> <span class='ocrx_word' id='word_1_321' title='bbox 864 4193 945 4248; x_wconf 84' lang='lat' dir='ltr'><strong>reor,</strong></span> <span class='ocrx_word' id='word_1_322' title='bbox 966 4193 985 4232; x_wconf 86' lang='grc' dir='ltr'><strong>ιι</strong></span> <span class='ocrx_word' id='word_1_323' title='bbox 1007 4184 1036 4232; x_wconf 87' lang='lat' dir='ltr'><strong>te</strong></span> <span class='ocrx_word' id='word_1_324' title='bbox 1050 4172 1223 4250; x_wconf 84' lang='lat' dir='ltr'><strong>plurimum</strong></span> <span class='ocrx_word' id='word_1_325' title='bbox 1237 4167 1284 4230; x_wconf 87' lang='lat' dir='ltr'><strong>di·</strong></span> 
     </span>
     <span class='ocr_line' id='line_1_40' title="bbox 138 4271 1283 4364; baseline -0.012 -20"><span class='ocrx_word' id='word_1_326' title='bbox 138 4272 240 4344; x_wconf 77' lang='lat' dir='ltr'><strong>lecte?</strong></span> <span class='ocrx_word' id='word_1_327' title='bbox 264 4309 303 4323; x_wconf 93' lang='lat'><em>-</em></span> <span class='ocrx_word' id='word_1_328' title='bbox 347 4275 653 4364; x_wconf 45' lang='lat' dir='ltr'><strong>Sedacooiectopte</strong></span> <span class='ocrx_word' id='word_1_329' title='bbox 680 4279 774 4340; x_wconf 82' lang='lat' dir='ltr'><strong>fuisse</strong></span> <span class='ocrx_word' id='word_1_330' title='bbox 804 4276 930 4357; x_wconf 85' lang='lat' dir='ltr'><strong>pudore·</strong></span> <span class='ocrx_word' id='word_1_331' title='bbox 953 4275 1114 4336; x_wconf 83' lang='lat' dir='ltr'><strong>conltrsum</strong></span> <span class='ocrx_word' id='word_1_332' title='bbox 1139 4284 1233 4353; x_wconf 83' lang='lat' dir='ltr'><strong>atque</strong></span> <span class='ocrx_word' id='word_1_333' title='bbox 1249 4271 1283 4330; x_wconf 81' lang='lat' dir='ltr'><strong>in</strong></span> 
     </span>
     <span class='ocr_line' id='line_1_41' title="bbox 140 4374 1286 4466; baseline -0.004 -26"><span class='ocrx_word' id='word_1_334' title='bbox 140 4379 276 4448; x_wconf 78' lang='lat' dir='ltr'><strong>animum</strong></span> <span class='ocrx_word' id='word_1_335' title='bbox 301 4377 894 4466; x_wconf 47' lang='lat' dir='ltr'><strong>revomsseslidslibusziomici‹mouitis</strong></span> <span class='ocrx_word' id='word_1_336' title='bbox 905 4399 968 4445; x_wconf 84' lang='lat' dir='ltr'><strong>nou</strong></span> <span class='ocrx_word' id='word_1_337' title='bbox 988 4378 1136 4458; x_wconf 70' lang='lat' dir='ltr'><strong>paruisse,</strong></span> <span class='ocrx_word' id='word_1_338' title='bbox 1149 4422 1165 4433; x_wconf 78' lang='grc'><strong>.,</strong></span> <span class='ocrx_word' id='word_1_339' title='bbox 1178 4374 1286 4436; x_wconf 80' lang='lat' dir='ltr'><strong>Nescis</strong></span> 
     </span>
    </p>

    <p class='ocr_par' dir='ltr' id='par_1_12' title="bbox 936 4496 1002 4552">
     <span class='ocr_line' id='line_1_42' title="bbox 936 4496 1002 4552; baseline -0.015 0"><span class='ocrx_word' id='word_1_340' title='bbox 936 4496 1002 4552; x_wconf 80' lang='lat'><strong>20*</strong></span> 
     </span>
    </p>
   </div>
   <div class='ocr_carea' id='block_1_10' title="bbox 0 0 1426 4800">
    <p class='ocr_par' dir='ltr' id='par_1_13' title="bbox 0 0 1426 4800">
     <span class='ocr_line' id='line_1_43' title="bbox 0 0 1426 4800; baseline 0 0"><span class='ocrx_word' id='word_1_341' title='bbox 0 0 1426 4800; x_wconf 95' lang='lat' dir='ltr'><strong> </strong></span> 
     </span>
    </p>
   </div>
  </div>
 </body>
</html>
