2806 4800
732 224 783 297 84

188 405 319 489 localia,
335 429 415 494 quae
443 432 512 492 per·
527 430 676 476 ceceaaum
704 411 886 492 expellitur3
918 408 1051 474 aecunda
1081 424 1212 494 aquoaa',
1249 422 1331 498 qudo

187 534 243 595 per
264 514 413 592 urinam,
430 517 479 578 vel
500 510 662 592 auderem,
692 517 740 578 v'el
761 528 886 598 epotum
907 528 1057 596 purgatur
1078 527 1108 575 et
1127 515 1254 578 ituatur
1274 538 1333 599 per

187 617 384 698 provocantia
404 617 542 692 urinam,
573 614 717 680 madorem
741 628 775 679 et
801 629 946 699 aputum3
980 615 1071 679 tertia
1091 617 1230 695 iumoaa,
1252 642 1333 703 quae

187 740 243 800 per
263 719 470 794 fricationem,
489 721 633 782 balneum
653 733 684 782 et
702 721 881 782 exercitium
901 719 1076 781 reaolvitur.
1116 720 1155 781 Et
1175 721 1203 781 ai
1222 736 1332 786 natura

188 843 251 885 non
272 834 349 884 eaaet
368 821 456 882 fortia
474 820 508 880 in
528 819 699 901 egerenda,
717 822 843 885 iuvetur
862 841 919 901 per
939 833 1046 895 artam,
1069 831 1104 881 ut
1125 820 1193 883 cibo
1212 824 1333 886 lubrico

189 925 238 986 ael
258 922 406 984 fructibus
427 920 563 986 humidia
597 927 646 986 vel
667 924 811 998 lubricia,
839 945 857 984 a
877 923 1030 1004 principio
1051 943 1172 986 manaae
1192 927 1332 1008 comptis,

188 1027 239 1088 vel
259 1024 483 1104 cttppoaitorio,
504 1026 616 1088 cliateri
636 1029 687 1088 val
708 1026 827 1107 pillulia
847 1026 1078 1101 communibus,
1107 1028 1160 1088 rel·
1185 1021 1332 1110 alefangi·

189 1122 253 1204 nia,
273 1130 323 1191 vel
341 1126 383 1190 de
402 1130 470 1190 aloe
489 1141 584 1193 totos
603 1131 658 1193 -Et
672 1124 721 1192 --in
753 1130 904 1211 praetenti
920 1127 1134 1210 -diapoaitione
1152 1133 1332 1213 sanguinem

188 1233 229 1292 ab
250 1232 348 1293 acutia
368 1243 404 1293 et·
417 1225 535 1295 rideretis
554 1225 782 1296 mundificando
808 1232 993 1295 humoribus
1020 1233 1092 1294 aetia
1120 1244 1331 1298 aunt-‘conte

189 1323 313 1394 nientea'
325 1328 452 1412 pillulae
469 1330 511 1400 ¹de
532 1333 618 1396 namo
638 1346 754 1410 terrae,
769 1333 974 1394 electuarium
995 1333 1132 1395 Hameeh
1151 1345 1182 1394 et
1201 1337 1331 1400 aleetua·

189 1433 272 1492 rium
314 1432 486 1494 lenititum.
528 1426 887 1496 Harum-medicinarum
906 1433 1063 1515 quantitas
1084 1435 1125 1496 ait
1147 1441 1332 1516 magna=·vel

189 1552 286 1612 parra
313 1532 404 1592 imrta
419 1544 528 1595 earnm
549 1536 760 1616 operationem
782 1536 914 1594 multam
936 1536 985 1596 vel
999 1574 1003 1579 -
1016 1554 1164 1615 paucam,
1177 1539 1332 1600 ‘et‘ioxta

191 1641 332 1720 'corporis'
346 1639 426 1701 vireo
445 1651 618 1719 etaetatem
639 1641 808 1703 necessario
822 1659 926 1701 eantm
938 1639 1096 1722 qttautitaa
1105 1646 1164 1702 'aar
1175 1637 1332 1702 varianda.

191 1744 229 1803 Et
249 1732 283 1803 in
305 1743 354 1804 hic
375 1762 495 1823 temper
514 1765 533 1806 a
553 1744 754 1808 debilioribus
782 1732 828 1806 eat
856 1738 1082 1824 incipiendum,
1103 1741 1332 1823 'gradatim'ad

191 1846 318 1907 fortiora
337 1844 543 1924 ascendendo,
565 1862 667 1911 tamen
687 1866 809 1928 semper
828 1847 950 1909 virtutis
976 1842 1175 1907 eonatantiam
1195 1843 1333 1908 conoide·

191 1945 297 2009 raudo.
340 1948 390 2011 De
409 1934 578 2013 litunorum
601 1942 716 2016 ¹horum
737 1950 927 2032 peccantium
952 1942 1182 2028 'digestione-ei
1204 1954 1332 2010 cracua-

190 2053 274 2112 tione
295 2052 326 2112 in
346 2038 496 2132 regimine
514 2042 658 2118 'curative
675 2054 771 2116 latiua'
787 2054 929 2115 habetur.
981 2053 1026 2113 ln·
1046 2051 1331 2113 contueris-erum·

192 2172 314 2216 morum
347 2143 573 2218 multitudinem
603 2157 787 2218 habentibus
806 2173 881 2217 non
914 2149 1094 2234 negligenda
1123 2162 1169 2211 cat
1203 2144 1332 2212 fleboto-

191 2257 271 2333 mia3
301 2243 543 2349 (multitudinem
577 2265 659 2318 enim
685 2259 868 2317 humorum
881 2246 1035 2338 manunt)
1047 2250 1118 2315 aad
1116 2271 1197 2313 cum
1217 2246 1334 2315 cantito

191 2356 261 2433 fiat,
292 2376 332 2416 ne
366 2354 592 2419 flebotomando
622 2358 755 2419 frenum
772 2367 935 2420 evacuetur
962 2352 1204 2477 bonorumet
1229 2367 1332 2491 poetae

192 2457 309 2518 furiant
330 2456 379 2559 vel
398 2456 598 2577 incendentur
617 2462 772 2577 humores.
848 2490 862 2505 ··
887 2466 889 2471 ’

324 2692 327 2701 ’
424 2764 428 2773 ,
475 2692 556 2779 De
583 2681 865 2787 accidentibus
873 2684 1029 2761 animae.¹

222 2867 423 2932 Vitandae
434 2879 506 2931 eunt
519 2886 624 2930 ornnec
633 2868 794 2949 pactiones
790 2869 936 2931 animum
942 2857 1114 2942 turbanter,
1138 2877 1171 2927 ut
1187 2865 1244 2941 ira,
1258 2878 1334 2927 oon'·

196 2972 300 3048 teotio,
319 2958 424 3048 timor,¹
434 2969 567 3046 tristitia,
581 2968 770 3046 sollicitudo,
779 2969 926 3042 anxietas,
940 2966 1128 3047 desperatio,
1133 2966 1336 3044 purillanimi

195 3086 250 3150 tae,
271 3059 387 3150 odium,
401 3070 537 3148 inuidia,
557 3072 865 3152 cogitationeasomca,
879 3065 1015 3133 studium
1029 3061 1249 3167 ρι’·οῐιιιιᾶιιιιι.
1256 3067 1337 3126 ··llae

197 3197 302 3240 omnes
321 3177 476 3258 passioneo
497 3182 624 3257 ‘corpora
643 3175 847 3240 exterminant
865 3193 883 3233 a
904 3171 1036 3234 naturali
1051 3161 1272 3244 concinentia,
1288 3186 1338 3229 aa·

196 3281 321 3342 nitatem
342 3277 532 3359 impediunt,
564 3300 702 3358 grossum
724 3291 754 3350 et
777 3272 1007 3338 melancolicum
1036 3271 1216 3349 sanguinem
1248 3289 1339 3348 gene-

198 3393 283 3442 rant:
316 3401 411 3462 quare
431 3378 573 3443 vitandae
587 3393 676 3443 ,anua
727 3377 883 3449 Gaudium
905 3376 1004 3443 etiam
1034 3391 1179 3452 magnum
1205 3383 1234 3433 et
1255 3372 1339 3434 inor·

199 3479 303 3543 dinato
321 3481 437 3542 laetitia
457 3481 608 3558 vitentur,
638 3482 712 3564 quia
732 3481 835 3561 ipsum
856 3477 1015 3540 debilitant
1037 3495 1103 3551 cor,
1135 3474 1281 3552 sanguine
1310 3485 1339 3532 et

200 3582 310 3662 epiritn
331 3579 492 3662 privando.
530 3583 648 3644 ¹Etiam
668 3577 854 3642 abiicienda·
867 3591 920 3641 :eat
941 3578 1047 3640 omnia-
1059 3574 1238 3651 imaginatio
1252 3573 1337 3632 sortis

200 3787 305 3867 prium
323 3787 411 3849 fortia
431 3782 480 3850 eat'
497 3783 714 3869 imprimendo.
756 3779 916 3846 Utendum
932 3794 977 3844 eat
989 3798 1071 3842 nunc
1088 3796 1146 3858 pm
1160 3795 1255 3856 porea
1266 3795 1340 3854 gau·

204 3886 257 3950 dio
276 3900 307 3951 et
324 3889 439 3950 laetitia
464 3891 659 3970 temperatio,
692 3906 764 3950 uam
784 3888 861 3949 haee
888 3904 999 3966 corpur
1021 3884 1085 3944 'uon
1106 3878 1287 3960 parturirent
1306 3879 1341 3938 in

203 3982 355 4053 mouendo
374 3991 500 4070 spiritua
520 4004 551 4054 et
570 3990 756 4072 sauguinem·
768 3987 949 4052 inordinate·
963 3985 1004 4048 ad
1024 3977 1342 4048 excavet-adina.

194 4082 284 4152 litia
305 4092 463 4155 hiailorct
482 4093 621 4169 animno,
638 4094 813 4156 roborator
832 4092 914 4154 ratio
942 4103 975 4153 et
997 4089 1077 4153 vinea
1097 4082 1235 4164 corporia
1251 4102 1343 4145 recu-

203 4185 359 4272 perantur.
401 4195 570 4255 duroman.
597 4193 712 4270 θεῖοι,
730 4191 829 4276 ¹quod
844 4194 956 4255 virtue
982 4189 1200 4267 augmentatur
1220 4184 1345 4246 vino-'et

205 4294 273 4356 cibo
293 4295 418 4374 aubtili,
434 4295 583 4358 odoribus
603 4295 704 4372 botrie,
722 4294 964 4376 tranquillitate,
984 4286 1096 4371 gaudio
1118 4283 1345 4351 et-dimiaaione
