2806 4800
673 240 749 340 aas
837 231 844 241 ‘

217 427 315 498 Circa
342 424 596 497 conclusionem
624 424 905 523 iutpertiueutem.
944 427 1021 518 (xl,
1049 453 1081 524 p.
1096 427 1195 524 234.)
1293 471 1297 480 ι

219 615 411 692 Sanguineas
432 615 485 675 illa
507 618 556 690 (ιιι
576 617 652 676 alter
675 613 790 700 inquit)
811 611 931 678 dicendi
954 613 1019 691 rtis,
1053 635 1115 696 qua
1136 615 1281 683 conducta
1350 623 1353 629 ’

132 740 226 799 opera
248 735 387 793 morsus,
407 719 544 793 aculeos,
559 718 769 795 ,scurrilitates
791 739 870 800 quae
890 715 930 780 ad
947 724 1022 803 ῃ»
1034 737 1099 790 non
1120 721 1283 798 pertinent,

132 827 165 883 in
186 842 235 882 ure
256 820 358 882 minus
380 821 459 883 iuste
479 833 649 903 retorques,
670 834 755 895 tauto
774 822 872 903 ¹magis
892 821 1074 897 invectivam
1092 834 1176 883 tuam
1191 820 1282 885 ‹lede-

133 938 188 999 cet,
208 937 324 1006 quanto
344 926 439 1004 magis
460 925 662 992 barbarorum
681 927 902 991 vocabulorum
918 940 1037 991 caterva
1056 927 1137 987 inter
1152 927 1282 1008 loquen-
1331 992 1333 996 ,

134 1025 446 1097 dumscribendumve
456 1029 772 1106 uteris,barbarismoe
783 1043 811 1092 et
826 1029 1141 1109 soloecismuspeesim
1155 1029 1280 1109 spargis.

221 1151 322 1210 Latiae
346 1152 479 1227 divagari
498 1161 553 1210 etc.
576 1154 632 1197 -3
668 1151 702 1211 lo
725 1163 810 1214 tento
839 1147 1065 1211 mendaciorum
1090 1170 1199 1230 campo
1221 1162 1282 1212 ets·

133 1252 184 1310 rili
204 1264 234 1312 et
254 1250 438 1314 infoecunda
467 1265 523 1314 tuo
547 1251 676 1332 ingenio
701 1257 778 1317 betas
812 1255 944 1316 nimium
971 1251 1131 1334 divagatus
1160 1274 1206 1330 es,
1237 1266 1281 1315 tot

135 1355 289 1415 volumina
314 1368 343 1418 et
363 1353 488 1438 quidem
522 1357 651 1436 geminis
673 1348 827 1438 exemptis
844 1377 982 1419 errorum
1011 1356 1162 1419 litorariis
1176 1357 1282 1419 formis

130 1456 305 1534 implevisti,
326 1470 362 1519 ut
383 1458 431 1521 bie
451 1478 549 1540 pecus
569 1459 768 1543 totaEuropa
790 1480 855 1522 non
877 1461 995 1544 absque
1011 1458 1282 1542 Lipcensis'studii

128 1558 242 1620 iactura
267 1559 417 1622 eliluitet.¹

135 1731 137 1736 ,
214 1667 249 1724 Si
266 1677 370 1726 cuncta
391 1677 492 1752 arroso
512 1675 583 1726 etc.
588 1697 634 1715 -··
675 1666 826 1743 veritati,
844 1685 958 1749 quam
978 1666 1134 1742 confutas,
1168 1666 1281 1727 erroris

130 1763 219 1823 etiam
242 1785 355 1838 nomen
376 1767 549 1846 imponis.

217 1868 374 1928 Garanum
401 1881 428 1928 ct
456 1812 588 1937 Parnon
620 1871 804 1930 tironensem
821 1883 877 1931 etc.
899 1903 938 1919 -
980 1872 1051 1933 Non
1073 1872 1188 1951 impeto
1210 1870 1279 1930 illos

132 1981 164 2032 ιιι
188 1968 330 2032 medicos
348 1980 403 2032 aut
422 1968 725 2050 philosophum-sed
753 1971 938 2048 astrologos:
968 1992 1024 2032 uec
1052 1969 1223 2052 quidquam
1246 1973 1278 2031 iu

129 2074 253 2133 illorum
267 2073 514 2135 calumniam‘vel
522 2070 671 2135 invidiam
688 2085 915 2134 commentatus·
929 2093 1007 2149 statu,
1028 2074 1061 2132 iu
1077 2074 1125 2134 llis
1136 2073 1279 2148 maxime,

133 2196 213 2254 quae
234 2175 405 2254 posteritati
436 2173 581 2255 prodesse
610 2187 751 2254 possunt:
783 2194 907 2249 verum,
936 2175 1116 2256 inquibus
1144 2175 1278 2234 animum

134 2278 640 2360 PennusAroarnsrspraesertim
665 2299 728 2340 non
749 2276 914 2340 intenderit
937 2292 966 2340 et
987 2280 1178 2355 Avrcauutr,
1201 2297 1279 2358 quae

133 2403 292 2462 perperam
314 2385 466 2462 allegasti,
489 2382 622 2462 plurima
644 2384 675 2444 iu
698 2379 834 2444 medium
855 2379 1052 2444 adduximus.

218 2488 343 2546 Friuolos
371 2491 478 2568 ineptas
505 2498 560 2546 etc.
580 2521 624 2532 -
673 2482 734 2548 Setl
760 2485 875 2568 quibus
896 2485 1090 2559 rationibus,
1125 2485 1277 2566 quibusve

131 2589 317 2665 argumentis
336 2600 407 2649 tuae
423 2588 620 2650 aestuationis
640 2588 737 2649 robur
758 2585 928 2666 probabis?
966 2589 1037 2650 Non
1059 2588 1194 2662 frivolas,
1216 2607 1276 2647 nou

129 2686 264 2768 ineptas,
284 2690 338 2752 sed
360 2692 459 2753 utiles
484 2689 652 2752 admodum
675 2702 712 2751 et
734 2690 867 2751 efficaces
897 2712 932 2752 ec
952 2688 1070 2752 medico
1098 2688 1278 2749 necessarias

129 2794 229 2855 otonis
250 2787 437 2854 medicorum
462 2794 566 2853 schola
586 2786 810 2871 comprobabit.

214 2899 343 2970 Iugcm'ta
363 2908 416 2956 tua
437 2901 594 2957 sementare
615 2907 669 2957 etc.
693 2925 735 2938 ·-
778 2894 894 2956 Desine
914 2889 953 2953 de
976 2891 1115 2971 genitura
1135 2912 1203 2954 ntea
1224 2913 1277 2953 ra·

130 2997 271 3078 ueloqui:
292 3017 359 3058 sum
380 2994 560 3079 parentibus
578 3012 677 3061 crettts
697 2997 931 3073 honestissimis,
952 2993 1115 3075 dequibus
1135 2995 1168 3055 iu
1189 3016 1277 3073 prae·

129 3100 226 3160 sentia
245 3103 353 3179 plura,
374 3118 468 3184 quam
490 3095 623 3182 parsit,
644 3101 738 3162 verba
761 3101 858 3160 lacere
880 3119 943 3160 non
965 3096 1072 3157 debeo.
1114 3134 1116 3138 =

192 3200 351 3264 lassulus
372 3211 442 3266 iuter
459 3209 589 3264 textrices
610 3195 731 3263 etc.³-
783 3203 834 3261 Tu
863 3201 942 3260 inter
970 3197 1106 3278 pistrices
1136 3192 1276 3271 didicisti,

129 3309 155 3366 T
160 3305 271 3364 hessilo
292 3303 378 3362 ltaud
399 3305 512 3364 sanior.

164 3445 178 3453 .,
214 3409 397 3466 illuminem
419 3413 567 3482 ignarum,
599 3417 754 3466 ornantem
783 3416 948 3486 corruptam
969 3415 1025 3464 etc.
1047 3437 1089 3450 -
1140 3401 1174 3464 si
1203 3403 1275 3464 sim·

127 3505 246 3583 pliciter
273 3502 443 3567 hominem
460 3507 617 3586 supponis·
636 3508 809 3586 ignorantia
828 3513 861 3569 et'
884 3507 994 3568 mentis
1015 3506 1205 3586 corruptela,
1236 3518 1275 3567 e'x

127 3607 268 3685 originali
289 3611 379 3690 culpa
407 3624 467 3688 est,
498 3632 517 3671 a
538 3631 601 3693 qua
630 3633 698 3673 cum
718 3624 760 3675 ἱιι
790 3622 966 3692 exemptum
997 3611 1090 3686 telis,
1118 3631 1137 3669 a
1166 3621 1275 3668 natrtra

127 3732 276 3794 quoque,
296 3734 378 3796 quae
397 3715 554 3776 omnibus:
572 3713 677 3782 eadem
708 3728 768 3792 est,
796 3715 930 3794 excipias
954 3726 988 3775 et
1007 3712 1040 3772 in
1068 3713 1197 3792 speciem
1227 3709 1273 3768 tui

126 3813 261 3890 dicterii,
283 3816 377 3877 homo
398 3829 443 3878 est
463 3817 584 3893 asinus,
612 3814 738 3878 reducas
758 3828 888 3896 oportet·
943 3815 978 3876 Si
1000 3834 1074 3878 vero
1095 3834 1151 3893 per
1172 3809 1274 3870 homi·

126 3939 196 3980 nem
214 3911 266 3980 irae
287 3921 491 3996 intellexeris,
524 3921 624 3999 tangis
645 3933 725 3983 certe
752 3922 830 3982 milti
862 3922 941 3980 latus
969 3930 998 3978 et
1029 3917 1071 3977 ita
1100 3916 1193 3975 telum
1216 3914 1300 3984 boc,

124 4019 241 4097 infigis,
260 4043 324 4102 quo
346 4019 488 4105 (propter
506 4022 643 4100 infinita,
666 4043 746 4104 quae
764 4023 889 4105 ignoro)
914 4021 1076 4082 extrahere
1089 4035 1150 4077 non
1171 4015 1270 4079 datur.

124 4123 326 4200 Mansuete,
350 4146 413 4206 que
438 4128 538 4204 vivet,
568 4128 694 4190 veritate
715 4127 851 4188 consistit
872 4145 906 4184 ac
926 4125 1043 4197 integra
1073 4132 1189 4196 manet3
1219 4117 1273 4181 sed

125 4223 299 4298 erroribus,
325 4228 644 4301 superstitionibuset
664 4228 828 4291 mendaciis
849 4226 976 4311 (quibus
997 4235 1088 4286 scatet
1105 4223 1272 4286 conlutatio

119 4324 192 4412 pltea)
214 4327 423 4407 corrumpitur
443 4339 536 4411 etque
557 4331 683 4393 omniuo
705 4332 844 4394 moritur.
1173 4317 1176 4321 ’
