2806 4800
592 190 728 285 ‘aas
819 254 829 266 -

93 408 185 471 miam
206 419 291 468 tanto
319 401 406 464 hiatu
437 399 611 479 detestaris3
642 401 741 463 livore
773 420 866 483 quam
894 400 1012 463 ratione
1032 404 1127 482 magis
1156 427 1175 480 a
1203 415 1235 466 te

92 509 177 584 fieri,
204 497 336 589 quisque
355 504 508 581 conspicite
548 504 614 583 Ego
636 523 703 564 eam
726 505 782 565 etsi
805 509 867 565 non
896 504 1057 585 profitear,
1087 519 1234 588 quatum

92 609 226 692 denique
245 607 328 690 apud
351 603 484 668 medicae
505 619 632 668 autores·
648 607 840 668 observatam
860 608 1004 687 comperi,
1027 610 1156 670 tolerare
1183 606 1235 669 sle·

92 715 236 791 bueram3
255 708 459 772 Hmroc'usrss
475 727 618 790 namque,
640 709 770 769 uiuam
790 720 820 769 et
835 708 1011 770 Avrcsrusa
1025 731 1088 772 non
1108 711 1236 789 obscura

91 827 163 874 sunt
190 814 298 875 verba:
314 811 433 872 ‘immo'
455 824 489 872 st·
512 810 596 892 apud
618 812 837 871 Aarsroranms
877 811 1074 892 physicorum
1104 794 1237 873 secundo
1275 853 1279 856 -

91 914 215 976 scientia
241 913 342 975 media
369 914 469 994 posita
498 927 527 975 et
556 932 694 976 concessa
723 912 857 974 cernitur
882 915 1062 993 astrologia,
1093 934 1185 996 qitent
1207 927 1237 974 et

93 1017 119 1078 si
139 1029 173 1077 tu
195 1017 357 1096 carpseris,
377 1015 513 1076 insaniae
526 1016 646 1077 'merito
668 1011 784 1074 cedam.
839 1015 1027 1076 Avrcsuusm
1049 1016 1139 1076 etism
1159 1016 1236 1087 falso

90 1114 309 1196 produxerim,
340 1117 448 1198 inique
475 1118 565 1178 nimis
594 1116 746 1178 obiecisti:
786 1119 860 1181 haec
888 1116 978 1176 etiam
1007 1119 1092 1176 nulla
1113 1115 1237 1177 audacia

88 1215 167 1298 (qua
188 1219 328 1281 mamma
346 1220 465 1298 certas>
486 1218 561 1289 listi,
584 1239 673 1298 posse
703 1216 910 1296 credideram
943 1219 1095 1298 imperitia
1125 1221 1236 1280 etenim

90 1324 162 1383 sola*
176 1325 241 1382 tani
251 1323 370 1400 apertis
391 1323 480 1402 nugis
502 1323 820 1384 altermriconsuevit.
866 1319 894 1385 0
909 1322 1065 1399 ingenium
1078 1322 1237 1394 muliebre,

82 1425 138 1484 cui
158 1426 379 1503 praeternam
402 1437 430 1486 ct
450 1445 529 1486 vana
549 1425 630 1501 nihil
650 1437 788 1504 patiam,
811 1426 858 1484 als·
873 1423 978 1486 diviua
1000 1422 1142 1485 numinal
1164 1426 1237 1484 haec

90 1527 182 1587 verba
193 1527 371 1588 Avscsuuss
391 1546 470 1588 anne
486 1527 579 1605 pestis
600 1547 721 1588 ceratem
735 1525 889 1606 duplicem
901 1527 1083 1606 exprimant,
1105 1525 1238 1607 quisque

90 1626 202 1689 iudicet
221 1630 350 1695 hortor-t¹
375 1631 561 1708 plurimum,
586 1630 629 1690 ait
649 1649 782 1710 namque
804 1629 962 1709 princeps,
991 1631 1087 1690 immo
1108 1641 1238 1708 oportet,

80 1730 126 1786 sit
146 1728 241 1804 scias,
253 1727 339 1811 quod
359 1731 462 1808 prima
482 1746 571 1792 causa
591 1731 761 1813 longinqua
776 1728 821 1791 ad
843 1728 922 1791 illud
939 1744 1013 1793 sum
1033 1730 1150 1810 figurae
1169 1749 1237 1791 ooe·

84 1830 180 1888 lestes
209 1839 239 1888 et
259 1829 454 1909 propinquae
475 1827 689 1908 dispositiones
710 1842 886 1907 terrestres,
915 1845 945 1893 et
976 1831 1100 1914 quando
1121 1832 1236 1893 faciunt

43 2011 45 2015 .
91 1931 258 2004 necessario
279 1932 406 1993 virtutes
434 1943 555 2009 agentes
585 1932 738 1991 coelestes.
753 1944 783 1993 et
810 1933 1003 2014 propinquae
1025 1934 1238 2012 dispositiones

90 2045 249 2095 terrestres
278 2033 535 2094 humectationem
564 2032 776 2092 vehementem
807 2034 888 2107 aeri,
920 2035 1117 2112 expelluntur
1143 2054 1237 2112 vapo-

90 2157 140 2198 res
168 2149 198 2198 et
226 2136 306 2196 lumi
332 2133 371 2196 ad
406 2136 508 2214 ipsum
538 2146 569 2195 et
596 2146 781 2212 sparguntur
812 2135 936 2214 inipso
973 2148 1004 2196 et
1035 2135 1238 2215 putrefaciunt

89 2241 192 2320 ipsum
213 2259 282 2300 cum
301 2235 452 2298 caliditate
471 2235 569 2298 debili
589 2248 645 2296 etc.
690 2237 773 2296 Haec
791 2237 845 2321 ille
865 2237 964 2317 prima
977 2238 1092 2319 quarti,
1110 2247 1237 2299 tractatu

91 2355 212 2424 quarto,
233 2342 365 2420 capitulo
386 2339 499 2418 primo,
520 2339 574 2399 ubi
595 2348 702 2418 aperte
715 2339 875 2400 Amoenus
896 2340 1011 2416 innuit,
1025 2338 1109 2421 quod
1132 2359 1237 2401 cavisse

89 2456 223 2509 remotas
246 2437 550 2524 pestilentiae-(quae
571 2438 766 2520 estputredo
787 2442 867 2504 a'e'ris
886 2442 1026 2520 maligna
1056 2461 1123 2502 carm
1146 2460 1237 2503 vene·

90 2561 163 2604 noea
176 2542 387 2622 proprietate,
420 2544 512 2623 quam
534 2545 681 2603 occultam
702 2540 893 2625 nuncupavi)
921 2555 992 2604 sunt
1025 2543 1140 2604 lormae
1170 2562 1237 2609 coe·

89 2649 189 2720 lestes,
210 2646 488 2725 propinquassem
503 2646 713 2708 exhalationes
739 2659 768 2708 et
789 2665 917 2731 vapores
937 2657 1093 2706 terrestres
1110 2667 1162 2706 seu
1175 2647 1235 2706 sle·

91 2745 415 2826 armamentaque,
442 2759 522 2808 term
543 2760 572 2808 et
593 2768 660 2808 cum
683 2756 754 2808 aere
782 2745 822 2808 ad
844 2749 972 2835 minima
991 2745 1103 2825 divisi,
1132 2749 1233 2827 ipsum

90 2847 338 2927 putrefacientss:
359 2868 468 2930 >neque
495 2848 684 2931 quemquam·
713 2850 746 2909 in
767 2847 884 2910 medica
904 2849 1036 2929 peritum
1065 2862 1130 2910 arte
1150 2848 1234 2910 aliud

90 2949 217 3009 sensisse
238 2950 564 3029 compertumsh'u'beo.v
602 2951 652 3010 Tu
674 2968 748 3012 vero
771 2963 839 3011 tuas
864 2971 957 3013 vanae
975 2953 1167 3012 inventiones
1184 2971 1234 3011 ao-
1314 2982 1318 2988 ·

89 3054 133 3112 las
147 3052 321 3125 observans,
339 3051 481 3113 haereses
495 3071 557 3112 non
579 3071 690 3131 pancas
702 3049 749 3130 (ni
771 3052 966 3130 prohibitum,
980 3049 1166 3132 qmntloque
1177 3052 1234 3111 tihi

89 3152 194 3235 luerit)
215 3153 370 3218 conllabis.
411 3155 462 3215 An
483 3174 556 3218 vero
578 3155 802 3233 coniunctiones
823 3174 948 3232 magnae
977 3167 1074 3233 pestes
1095 3154 1233 3232 afferant,

88 3268 331 3327 astronomorum
358 3255 430 3316 satis
462 3270 611 3319 monstrat
630 3257 756 3337 peritia,
785 3278 864 3338 quae
887 3269 916 3316 et
936 3277 992 3335 per
1010 3259 1136 3335 vulgum
1163 3271 1233 3335 post

88 3358 208 3437 aliquot
235 3375 341 3416 cursus
371 3375 522 3417 annorum
543 3357 592 3420 ad
614 3360 736 3420 sensum
764 3359 937 3420 saevissime
968 3379 1057 3439 saepe
1078 3373 1231 3440 comperta

89 3471 150 3534 est3
171 3468 204 3518 tu
226 3459 310 3519 solus
331 3457 547 3536 floccipendere
571 3482 626 3522 nec
647 3459 863 3544 quodcumque
883 3450 974 3523 etiam
1002 3464 1152 3526 erubuisti
1173 3478 1231 3524 un*-

87 3578 190 3640 quam.
249 3559 513 3623 Maxrmsnrauvns'
537 3577 638 3625 autem
655 3566 881 3627 -Romanosum
907 3586 1009 3645 regem
1050 3571 1119 3629 cum
1147 3569 1230 3629 coelo

87 3659 425 3744 quomodoquailrubis
444 3663 556 3726 miror:
577 3667 795 3751 hascnamque
811 3669 1048 3730 causaordinata
1060 3684 1102 3731 est
1114 3690 1230 3743 eorum,

86 3767 219 3846 quae-*in
234 3764 357 3828 mundo
377 3766 535 3846 inferiori3
567 3770 620 3832 ille
635 3775 714 3833 vero
735 3774 862 3842 arbitrio
885 3785 914 3836 et
928 3787 1004 3836 nutu
1023 3775 1110 3851 regit.
1153 3775 1228 3835 Avi·

87 3884 206 3933 cauum
221 3916 224 3922 <
238 3868 443 3931 etiam-aliud·
464 3871 634 3951 intelligere
663 3876 808 3951 voluisti,
828 3897 907 3947 ,cum
935 3879 992 3940 ait:
1009 3889 1096 3937 sunt
1126 3888 1228 3936 autem

86 3972 191 4029 caueae
212 3975 353 4035 coelestes
377 3977 546 4038 necessario
576 3977 717 4039 facientes
738 3978 826 4040 illud.
870 3980 969 4058 Ecce,
992 4002 1083 4064 qtiaiu
1112 3978 1229 4058 peritus

85 4071 227 4131 inventor
264 4076 386 4153 nititur,
420 4079 603 4139 Arruntanum
634 4078 814 4160 intendisse,
850 4098 954 4143 cattsas
971 4116 974 4123 ,
991 4085 1133 4143 coelestes
1172 4102 1229 4162 per

85 4163 222 4234 accidua
244 4176 338 4238 lacere
359 4177 398 4239 ad
420 4180 647 4262 corruptionem
669 4185 757 4261 atris,
777 4184 816 4246 ad
839 4190 932 4266 quam
952 4185 1045 4264 pestis
1065 4183 1227 4264 subsequi·

84 4288 151 4352 tur,
183 4277 269 4340 cuius
289 4280 412 4358 sequela
434 4294 496 4359 est,
517 4284 655 4372 reliquae
675 4268 801 4369 quoque
814 4287 1081 4350 transmutationis
1109 4306 1227 4361 eorum,
