2806 4800
698 255 775 332 286

250 451 338 510 moa
355 451 426 508 mim
445 449 556 527 capiam
575 456 630 507 etc.
653 477 693 490 -
721 444 949 525 Blaaphemiam
972 445 1121 522 incurrit,-
1140 446 1196 528 qui
1218 448 1315 510 verba

167 547 339 613 inordinate
360 547 485 628 profert.
527 547 629 609 Multa
644 559 733 623 aunt,
753 568 833 630 quae
853 547 886 608 in
898 548 1077 627 simpliciter
1097 549 1230 629 primam
1242 551 1315 612 aba·

166 674 228 736 quc
248 648 357 713 mediis
377 651 553 714 reseruntur
573 668 711 725 caueam,
737 649 814 713 airut
835 650 1018 714 universitas
1036 673 1140 714 rerum
1161 675 1198 714 ac
1218 654 1316 715 tntiua

166 776 230 819 eaae
250 753 402 815 emanatio
421 765 451 815 et
472 749 503 815 id
526 772 639 831 genua,
660 772 740 834 quae
761 752 827 815 aine
848 755 1022 816 neceaaitate
1041 766 1072 816 et
1092 753 1203 817 oraline
1223 766 1317 817 natu·

166 862 223 921 raa‘
240 858 306 920 aola
326 850 432 915 divina
453 854 609 917 voluntate
631 853 663 915 in
685 872 749 916 eece
769 851 961 933 prodierunt.

253 960 384 1024 Prudma
403 963 501 1040 quaeis
522 969 585 1018 arte
608 967 664 1018 etr.
682 988 725 1003 -
752 954 949 1019 ·Catholiron
968 954 1118 1036 pinciana
1138 957 1318 1036 estalenta

168 1074 276 1126 ventor
301 1060 357 1142 qui
377 1080 510 1141 namque
533 1057 619 1121 timet
640 1053 731 1118 deum
753 1068 783 1119 et
803 1056 940 1136 prudena
962 1069 1022 1135 ert,
1043 1071 1122 1121 artea
1144 1058 1318 1138 prohibitae

167 1177 196 1226 et
219 1183 310 1226 vanna
333 1162 364 1222 in
388 1161 594 1222 itinctioaibua
619 1158 683 1223 auia
702 1180 765 1223 non
786 1158 929 1223 admittit.

252 1268 343 1332 Nemo
362 1270 473 1346 rapina
505 1267 589 1325 ctiam
624 1264 766 1340 theologus
787 1273 843 1324 etc
864 1295 908 1307 —
968 1258 1043 1324 Noli
1075 1281 1110 1324 oa
1139 1280 1256 1342 ponere
1284 1262 1317 1323 in

167 1370 295 1431 coelum.
349 1365 443 1443 Quia,
463 1378 554 1446 putea
565 1408 575 1442 ,
602 1363 650 1448 (ut
671 1366 849 1435 innumeroa
875 1362 1028 1448 omittam)
1047 1365 1231 1427 Gncoonrus
1250 1365 1318 1428 lue·

167 1471 208 1532 rit
229 1469 261 1530 in
284 1469 413 1533 homilia
431 1467 631 1548 epiphaniam
650 1487 691 1529 an
714 1469 890 1547 theologua,
911 1489 951 1528 an
973 1465 1127 1548 prudeaa,
1146 1464 1266 1530 amne?

252 1576 336 1635 More
355 1576 429 1649 uulgi
447 1593 585 1655 quaerens
612 1573 790 1644 impacatam
812 1583 866 1632 etc.
888 1605 932 1619 -
984 1569 1042 1632 Hie
1071 1589 1137 1631 moa
1166 1569 1255 1648 vulgi
1283 1570 1316 1633 in

168 1672 260 1736 datam
282 1673 385 1735 omnia
404 1672 563 1735 referentia
585 1691 649 1736 vox
671 1668 722 1733 dei
742 1684 800 1747 eat,
822 1692 877 1752 per
899 1693 992 1754 quam
1014 1671 1091 1734 iacta
1109 1685 1182 1735 aunt
1204 1673 1316 1735 omnia.

168 1774 316 1851 Quamvis
334 1773 440 1837 divino
459 1773 582 1839 inlluxu
603 1775 762 1855 auppoaito
783 1771 854 1857 (nee
872 1775 961 1837 aliter
981 1773 1121 1858 quidem
1138 1775 1219 1853 ignia
1239 1777 1317 1838 cale·

169 1878 258 1940 faciat
277 1878 491 1959 illuminetque
511 1878 577 1954 col,
597 1898 687 1958 poaae
707 1890 809 1939 tamen
831 1875 923 1939 deum
943 1879 1033 1940 aliter
1053 1890 1083 1941 et
1104 1878 1265 1949 calefacere
1279 1891 1318 1945 ,et

168 1982 354 2058 illuminare,
375 1981 476 2060 ignem
499 2001 625 2064 quoque
639 1995 669 2045 et
689 1983 786 2044 colem
802 1982 842 2043 ab
863 1981 914 2044 hia
932 1982 1102 2043 actionibua
1121 1977 1318 2060 wenenhere,

171 2106 261 2149 nemo
283 2086 342 2147 aiei
364 2085 478 2165 impiua
499 2084 632 2165 negabit.

256 2191 516 2251 ordinaremus
537 2199 591 2251 etc.
614 2217 653 2231 -·
699 2187 831 2251 Divinae
854 2183 1006 2249 voluntati
1021 2205 1115 2266 quam
1131 2183 1332 2249 ordinationi

170 2308 327 2354 cauaarum
350 2290 518 2370 plurimum
539 2311 589 2353 rea
608 2293 750 2366 aubeaae,
771 2291 864 2353 habet
883 2290 959 2354 fidea
980 2290 1135 2354 catholica·

255 2397 291 2456 Ia
310 2396 410 2456 scholis
426 2395 650 2475 philosophorum
672 2406 727 2455 etc.
749 2426 792 2441 -·
834 2392 884 2457 Ad
912 2395 1031 2457 echolea
1059 2393 1317 2473 philosophorum

171 2494 264 2580 (quoa
286 2492 391 2555 dicunt
410 2492 730 2576 veritatia'amatorea)
758 2514 821 2557 non
849 2496 982 2576 pertinet
1010 2496 1190 2575 aetrologia:
1221 2495 1317 2576 ipaiua

171 2598 254 2660 enim
274 2597 314 2657 ab
334 2595 478 2658 omnibua
497 2596 634 2659 conleaaa
656 2596 769 2663 falsitas
788 2597 910 2659 veritati
920 2597 1072 2660 contraria
1086 2608 1146 2672 eat,
1168 2608 1203 2658 ut
1225 2594 1318 2662 devo·

171 2698 305 2762 liaaimua
326 2711 356 2760 et
378 2695 570 2762 doctiaaimua
595 2711 681 2780 pater
701 2701 1128 2769 Hieromussavomaom
1150 2720 1189 2761 ex
1210 2699 1319 2763 ordine

173 2800 415 2882 praedicatorum
433 2801 587 2882 pleriaque
610 2803 698 2866 locia
712 2824 839 2867 auarum
869 2803 1135 2878 lucubrationum,
1166 2823 1246 2883 quae
1270 2803 1318 2865 in·

172 2924 319 2969 numerae
335 2914 425 2978 aunt,
446 2905 690 2970 manilcatiaaime
710 2907 844 2972 ostendit
865 2921 895 2974 et
920 2908 984 2969 lere
1005 2908 1037 2968 in
1058 2906 1203 2968 omnibus
1224 2920 1320 2971 aetra*-

172 3008 285 3087 logiam
305 3006 472 3071 contratavit
494 3021 524 3071 et
542 3029 560 3069 a
581 3010 694 3074 acholio
713 3013 971 3094 philoaophorum
992 3011 1106 3073 reiecit.

260 3114 472 3190 Prognosticam
501 3113 643 3174 basilianae
671 3125 726 3176 etc.
755 3149 797 3162 —-
847 3115 918 3178 Non
947 3133 1058 3177 aaaero.
1108 3112 1167 3174 Per
1191 3112 1322 3175 verbum

174 3213 254 3276 sorte
274 3211 459 3293 respondent
480 3232 571 3292 aaepe
592 3213 704 3293 periti.⁴
772 3237 774 3245 ·

259 3317 432 3377 Meilicmam
455 3315 590 3396 prefiteor
615 3326 669 3377 etc.
691 3349 742 3388 ,-
799 3317 848 3377 Ab
875 3316 1087 3390 Hrrrocuaar,
1122 3314 1324 3389 Droscoarna,

177 3415 304 3475 Garnae
326 3437 392 3476 eam
416 3416 511 3478 discas
534 3430 670 3497 oportet3
700 3439 761 3480 non
781 3420 991 3495 Pronomae,
1013 3438 1075 3480 non
1100 3418 1324 3490 Aaronem,

178 3516 273 3591 Ham,
294 3516 459 3591 Gutnouu,
480 3519 595 3588 celeria.
659 3539 662 3549 ·
736 3586 739 3590 ,
1125 3568 1127 3573 .

231 3666 233 3673 .
258 3620 458 3684 ,Astrmomioa
476 3624 607 3684 imudaoi
626 3632 680 3682 etc.
702 3654 744 3689 -.·
781 3620 916 3698 Caveaa,
935 3643 975 3683 ue
995 3634 1070 3704 quot
1092 3619 1214 3687 audacia
1226 3614 1322 3691 -aaduss

176 3721 356 3800 astrologiae
377 3720 565 3802 impenderis
572 3766 582 3801 ,
595 3721 732 3791 'totidem
755 3713 876 3793 amman
896 3724 1007 3796 medici
1028 3723 1124 3791 aradii
1147 3724 1269 3795 virium»

262 3825 364 3886 Gamo
387 3825 545 3900 Bararus,
571 3828 608 3887 de
628 3829 847 3890 demonstrativa
859 3840 912 3893 etc.
925 3862 969 3878 -
990 3829 1025 3893 Si
1045 3828 1201 3906 theologia
1223 3839 1320 3892 memo

178 3926 303 3995 divinua
321 3940 351 3994 et
372 3925 410 3988 de
432 3925 489 3997 deo
510 3941 570 4004 eat,
593 3941 713 4009 oportet
734 3932 903 3999 neccaaarIo
925 3931 963 3993 de
975 3930 1033 3994 deo
1056 3934 1241 4001 insermone
1260 3927 1324 4000 illo,

179 4030 264 4093 cuiue
285 4041 330 4091 eat
349 4030 518 4091 aubiectum
541 4029 767 4110 praedicatum,
798 4032 937 4114 aliquod.
953 4034 1108 4098 enunciari
1117 4075 1141 4109 „.
1154 4027 1274 4113 attendi
1297 4038 1327 4095 ,θῑ

179 4131 361 4191 uronatraria
380 4144 500 4210 oportet
521 4134 611 4193 ctiam
636 4136 821 4213 theologiam
843 4138 995 4217 ipram-in
1024 4137 1179 4199 communi
1206 4130 1327 4207 ratione

179 4231 330 4303 scientiae,
351 4250 413 4311 qua
434 4231 669 4299 demonstrativa
694 4249 749 4313 eat,
769 4251 838 4303 eum
858 4239 990 4319 reliquia.
1007 4237 1179 4299 convenire.
1223 4236 1327 4296 Tanto
1394 4275 1398 4280 -

181 4353 253 4412 ergo
275 4334 422 4394 Borarua
452 4336 539 4397 laesit
568 4357 682 4398 sacram
708 4339 910 4417 theologiam,
945 4351 1061 4419 quanto
1096 4334 1327 4399 veritati-*illius
