2806 4800
682 224 755 297 168

145 411 191 473 uti
210 410 410 491 praemissum
433 423 475 473 eat
499 407 536 473 de
548 407 675 472 medico.
718 408 768 471 Sia
781 418 811 470 et
826 418 975 469 comatam
996 420 1025 470 at
1039 408 1104 468 atta
1120 409 1296 488 praenosti-

143 534 255 576 camus.
299 514 351 575 Tu
370 526 483 590 autem,
505 511 706 592 siimperitia
726 523 780 573 tua
798 507 938 574 seductus
960 511 1083 590 gravius
1102 511 1136 572 in
1155 531 1195 572 ea·
1210 511 1297 573 forte

143 617 261 697 aliquot
280 616 378 690 annis,
399 635 468 677 oum
489 615 674 695 praecipuus
690 633 755 675 ease
774 613 808 674 in
827 624 891 673 arte
904 614 1038 689 volebas,
1058 613 1209 689 stravisti,
1229 634 1294 676 non

108 714 112 725 ¹
143 717 337 780 debuistiob
358 715 390 778 id
412 729 508 778 artem
530 718 572 778 sic
593 715 745 781 detestari.
792 716 955 778 Latissime
984 739 1041 797 per
1061 717 1297 796 theologossshio

143 818 362 883 cornmentaris.
406 819 524 881 Revera
545 839 581 880 ea
601 821 635 880 in
655 841 707 894 re,
729 818 783 879 ubi
803 819 1053 898 persuasionibus
1082 833 1112 882 at
1134 819 1295 880 autoribus

143 921 337 1003 diaeaptatur,
356 918 523 983 admodum
533 943 654 1004 semper
674 922 808 986 valuisti.
850 920 971 984 Nostris
992 924 1024 982 in
1047 923 1161 985 scholis
1180 940 1294 1000 parum

143 1026 218 1087 haee
237 1036 325 1087 aunt:
347 1027 529 1106 narnlonge
552 1029 622 1107 plus
643 1039 764 1088 norunt·
779 1027 947 1088 astronomi
961 1025 999 1088 de
1020 1029 1116 1104 coelo,
1137 1045 1231 1109 quam
1256 1035 1294 1084 tu

142 1123 182 1186 de
203 1123 261 1188 deo
274 1137 433 1188 monstras.
463 1125 558 1189 -Nam
576 1139 693 1190 norunt
713 1128 815 1188 stallae
824 1126 943 1211 primae
962 1139 991 1189 et
1012 1125 1161 1190 secundae
1173 1127 1295 1208 magui·
1369 1188 1373 1191 ,

142 1225 420 1303 tudinis,.aodiaei
443 1229 550 1308 signa,
577 1241 694 1310 septem
722 1229 860 1307 planetas
879 1229 943 1290 suis
965 1229 997 1289 in
1018 1231 1158 1310 sphaeris
1183 1242 1215 1290 et
1233 1231 1295 1290 eir-⁴

142 1329 217 1390 culis
238 1329 411 1391 eccantriois
432 1342 463 1391 et
481 1330 641 1411 epicyclis;
661 1329 896 1408 theologisantes
917 1342 1019 1392 autem
1041 1351 1119 1407 non,
1140 1343 1295 1413 quantum

141 1432 256 1511 sinopis
279 1445 615 1510 granumamonstrare
635 1443 781 1515 possitntz
809 1433 914 1494 Gurno
934 1433 1000 1512 ipse
1017 1435 1165 1496 Bararus
1186 1454 1243 1496 suo
1259 1435 1297 1494 in

142 1535 289 1613 opusculo
308 1531 434 1595 dicebat.
478 1533 542 1596 Nee
562 1547 680 1612 tamen,
707 1534 887 1611 attestaris,
913 1536 1100 1597 astronomia
1120 1536 1293 1616 theologiae

141 1632 269 1696 adversa
280 1647 333 1698 est.
374 1635 463 1696 Paria
473 1656 634 1716 possumus
648 1655 741 1718 quam
752 1635 887 1715 plurima
898 1631 1065 1696 adducere:
1087 1657 1157 1698 nam
1169 1651 1292 1717 aposto-

141 1739 190 1800 lus
204 1741 284 1820 ipse:
306 1739 474 1800 invisibilia
488 1737 538 1800 dei
559 1761 578 1800 a
599 1749 735 1800 creatura
757 1734 866 1796 mnndi
880 1755 936 1816 par
956 1757 1001 1814 ea,
1021 1750 1101 1819 quae
1121 1740 1196 1802 lacta
1211 1753 1294 1814 sum,

141 1841 291 1904 intellecta
313 1843 548 1922 conspiciuntur,
569 1841 752 1921 sempiterna
765 1829 891 1921 quoq'ue
913 1839 978 1902 aius
991 1841 1088 1902 uirtus
1106 1854 1136 1903 et
1157 1840 1292 1907 divitiae.

141 1949 222 2010 Nam
242 1949 324 2010 inter
345 1948 480 2012 visibiles
502 1960 653 2009 creaturae
674 1946 815 2007 eoelestia
833 1964 979 2024 eorpora,
1000 1942 1039 2006 de
1059 1946 1173 2027 quibus
1193 1959 1292 2009 astro·

141 2053 246 2115 nonria
266 2072 322 2113 sua
342 2048 554 2131 magnitudine
582 2063 612 2111 et
642 2046 842 2110 multitudine
862 2066 1066 2130 *suorumque
1095 2060 1234 2112 motuum
1261 2064 1292 2113 at

141 2155 370 2216 influentiarnm
390 2154 469 2214 mira
490 2154 635 2216 varietate
657 2152 804 2232 variaque
825 2151 938 2212 virtute
958 2150 992 2210 in
1015 2148 1074 2211 dei²
1087 2152 1293 2230 cognitionem

142 2269 173 2317 et
192 2255 425 2318 admirationem
445 2255 578 2315 maxime
599 2251 804 2333 noa-dueunt.
847 2247 951 2325 Quare·
970 2253 1194 2331 scriptumest:
1215 2255 1293 2315 coeli

142 2359 423 2435 enarrant'gloriam
434 2355 484 2416 dei
495 2367 525 2416 et
540 2375 634 2434 opera
645 2373 792 2414 manuum
805 2353 870 2415 eius
881 2356 1044 2418 annunciat
1055 2355 1291 2418 firmamentum.

142 2459 206 2521 Nee
228 2460 330 2539 inepte
352 2456 440 2520 ob-id
453 2457 669 2519 astronomiam
691 2456 862 2515 naturalem
875 2457 1062 2536 theologiam
1081 2461 1151 2541 quia
1162 2457 1292 2521 dlxerit:

143 2559 229 2644 quod
251 2578 385 2642 namque
404 2559 522 2621 lumine
547 2555 619 2619 fidei
648 2554 840 2619 credentibus
860 2571 1009 2637 praestat,
1032 2573 1125 2622 recte
1147 2562 1293 2643 sapienti-

143 2668 202 2728 bus
215 2688 272 2748 per
288 2665 412 2728 effectus
434 2675 464 2726 et
480 2674 582 2744 motata
598 2663 784 2724 astronomia
808 2664 999 2741 monstrabit,
1022 2679 1211 2748 quapropter
1225 2667 1292 2728 zelo

145 2767 267 2830 etfidei
289 2781 318 2830 et
333 2768 475 2831 amentias
494 2787 561 2830 eam
582 2764 726 2829 detestari
746 2774 868 2828 tantum
889 2785 952 2828 non
973 2786 1109 2848 possum.
1151 2769 1208 2830 His
1226 2770 1294 2840 eale

147 2881 178 2930 et
199 2869 308 2949 gaude.

226 2973 284 3036 llis
311 2993 367 3052 ago
393 2974 536 3054 magister
555 2973 668 3038 Sruou
701 2976 865 3052 Pisaurus,
892 2972 1064 3037 Medicioae
1093 2972 1218 3050 doctor,
1246 2975 1295 3036 vi·

143 3099 212 3139 rum
234 3098 391 3162 quemque
411 3076 584 3141 modestum
602 3090 738 3157 attestor,
758 3081 817 3142 hac
837 3101 905 3142 maa
917 3079 1069 3160 positione
1089 3078 1116 3140 ai
1126 3079 1293 3142 calumnias

142 3183 325 3259 meruerim,
355 3184 476 3264 semper
502 3183 612 3266 utique
644 3183 796 3245 maiorum
825 3182 989 3246 sententiaa
1008 3181 1162 3256 imitatus,
1193 3181 1295 3242 minus

143 3281 290 3344 dicebam.
333 3283 498 3348 Censorem
520 3285 611 3347 etiam
633 3286 773 3367 quamuis
803 3286 936 3366 peritum
964 3285 1076 3347 affeetu
1107 3285 1210 3364 amplo
1240 3303 1295 3344 ex·

142 3401 248 3461 posco,
274 3383 426 3462 imprimis
455 3385 590 3468 denique
611 3388 697 3464 Vos,
725 3385 886 3449 dominum
913 3388 1098 3468 Magistrum
1129 3388 1294 3446 lousuuau

142 3484 377 3561 Lnrrzsaauax,
398 3483 571 3548 Medicinae
592 3485 747 3551 doctorem
769 3502 799 3551 et
820 3489 957 3554 eiusdem
971 3491 1121 3553 lacttltatis
1135 3491 1295 3550 Dacanum

143 3584 331 3662 benignum,-
357 3585 463 3648 ceteris
492 3607 561 3648 oum
589 3589 714 3666 collegis
735 3609 808 3664 oro,
837 3593 863 3651 ai
891 3589 969 3673 quid
995 3587 1220 3651 emendandum
1241 3602 1296 3649 aut

144 3687 205 3748 viri
226 3685 407 3769 cuiusquam
429 3688 506 3749 boni
518 3683 748 3749 diffamativum
768 3691 899 3751 verbum
920 3689 1107 3768 reperiatur,
1129 3685 1292 3747 abradatia.

143 3791 260 3854 Pariter
279 3812 336 3873 per
357 3810 412 3854 ros
434 3791 467 3852 in
489 3791 647 3872 opusculo,
669 3802 776 3852 eontra
793 3810 843 3851 ma
863 3811 920 3869 per
933 3792 1099 3850 Doctorem
1115 3788 1294 3850 Maarrrmu

142 3897 372 3956 Manarasranr
403 3889 506 3970 edito,
533 3888 678 3974 equidem
694 3891 773 3954 -fieri
800 3910 894 3971 posco
920 3887 1101 3951 iustissime:
1134 3885 1294 3966 probabile

143 4006 196 4054 aut
218 3992 392 4077 quidquam
411 3993 446 4055 in
464 3993 634 4057 convitium
652 4005 712 4055 aut.
727 3990 967 4056 diffamationem
1001 4006 1063 4050 non
1090 3986 1216 4052 tendens
1237 4008 1294 4067 po·

143 4095 255 4168 suerit,
275 4097 380 4160 animo
399 4094 537 4161 modesto
558 4097 639 4158 ferra
659 4115 812 4176 nusquam
833 4089 980 4154 recusavi.

228 4197 344 4258 Datum
376 4199 501 4280 Lyptzli
527 4217 610 4260 anno
631 4197 794 4258 millesima
825 4190 1070 4276 quingentesimo
1100 4189 1151 4252 dia
1182 4192 1292 4253 mensis

150 4281 283 4347 lanuarii
300 4282 400 4345 tertio
415 4334 427 4345 Α,
686 4313 687 4316 “
890 4320 893 4325 -

547 4394 882 4420 -----*-1
