2806 4800
705 235 778 309 1¹4⁰

166 433 255 495 lacile
283 429 457 507 contingere
479 427 589 509 potuit
618 428 801 507 impraesore
831 423 1017 500 invertente,
1054 421 1171 485 detritis
1196 422 1312 483 reilioet

167 537 286 619 aliquot
305 534 337 592 io
364 529 466 592 medio
486 530 613 612 syllabis
636 541 666 590 et
690 529 795 593 ullima
815 546 907 605 supra
932 527 1042 591 lineam
1074 522 1202 585 etavam
1254 524 1312 587 Ul·

167 638 299 719 oulaqm
319 648 420 697 tamen
441 634 498 710 sit,
527 633 580 724 ob·
596 645 743 713 punctum
765 631 926 691 aberrasti:
958 635 1018 688 aer·
1033 628 1119 688 enim
1153 630 1313 691 marailesta

169 741 331 824 qualitate·
345 739 426 799 nihil
445 749 591 817 operatur
617 732 657 798 ad
686 736 912 817 generationem
941 733 1130 793 morborum?
1145 724 1312 813 spirlemia·

167 846 255 918 lium,
269 858 345 903 cum
367 841 489 902 nonsit
509 861 557 902 res
578 853 682 903 contra
696 850 853 902 :naturam
878 830 1313 913 -taimocunuamlxtnrum,

169 961 205 1010 ut
223 949 276 1008 ille
298 943 411 1027 inquit,
432 964 592 1024 permeans
612 947 797 1006 elementum
813 956 857 1006 est
877 955 1052 1004 nostrorum
1074 952 1252 1022 corporum,
1271 932 1313 1002 si*

167 1048 339 1131 derumque
361 1048 487 1110 verbere
499 1045 645 1111 discretus
666 1061 760 1131 atque
771 1045 907 1127 digestus
925 1042 1037 1108 nostris
1049 1047 1229 1107 ¹'conseritur
1249 1047 1314 1126 spi·

167 1152 279 1212 ritibus
313 1151 396 1230 ipsos
428 1148 655 1213 mundificando
686 1165 780 1234 acqua
816 1146 1313 1232 temperabam-“quaecustodia

168 1261 287 1316 aarum
308 1252 433 1335 quidem
456 1267 501 1316 est
520 1254 604 1330 eiua,
626 1272 707 1336 quae
724 1251 892 1316 secundum
913 1266 1063 1329 naturam,
1083 1253 1188 1314 crasia-
1202 1261 1215 1287 ’·
1228 1253 1314 1313 Mala

168 1369 270 1417 autem
294 1357 457 1436 qualitate,
486 1355 687 1435 pulrefactlra
706 1355 902 1434 praesertim,
933 1363 985 1416 aer
1013 1356 1182 1417 facultatem
1211 1344 1315 1432 liabel,

168 1461 200 1518 iu
222 1458 394 1518 subiacente
414 1469 486 1536 apto
508 1455 677 1536 producere
699 1456 910 1520 huiuscemodi
932 1462 1045 1520 malum
1075 1461 1192 1542 absque
1213 1474 1316 1530 necere

101 1607 104 1623 .
169 1560 250 1620 sario
269 1579 417 1620 concursu
437 1559 576 1638 partiarii
596 1559 729 1638 agentis3
750 1561 830 1637 licet,
851 1574 885 1622 ut
907 1559 1050 1640 diximus,
1069 1550 1315 1643 passullclisposs

169 1664 239 1724 sitio
261 1662 454 1745 requiratur,
475 1661 616 1723 maxima
628 1659 797 1724 secundum
815 1667 1008 1726 ‘communem
1036 1657 1164 1726 subiecli
1181 1664 1229 1726 -ad
1249 1658 1315 1727 ¹ior-

171 1787 252 1828 mam
275 1766 558 1846 praeparationem,
589 1767 738 1848 sineque
758 1788 813 1831 nec
835 1770 897 1829 ulla
919 1767 1045 1850 quident
1065 1762 1227 1830 causarum·
1246 1770 1315 1848 pol·

170 1884 216 1933 eet
235 1871 415 1933 naturaliter
432 1889 531 1948 agere.
574 1868 640 1930 Nec
660 1882 761 1931 tamen
777 1873 823 1934 *ob
846 1873 904 1932 ltoc
926 1867 1316 1948 dabet'tnmfficienantei,

170 1971 296 2056 quando
316 1972 479 2053 praecipue
499 1969 531 2033 id
550 1969 591 2035 ad
610 1974 726 2034 nullius
746 1974 950 2036 causalitatem
963 1970 1108 2053 *spectare
1127 1968 1233 2055 polest'
1246 1968 1316 2054 pri·

171 2097 261 2138 nram.
274 2087 417 2155 praeter,
443 2094 523 2156 quae
544 2076 610 2136 sola
635 2088 664 2137 et
693 2074 874 2139 uniuersalis
895 2089 939 2138 est
959 2078 1138 2157 simpliciter
1160 2079 1316 2160 totiusque

171 2181 303 2243 entitatia
327 2199 432 2252 causa,
464 2177 580 2240 formae
607 2177 674 2240 dico
696 2193 725 2242 et
753 2181 913 2257 materiae,
940 2177 989 2239 ad‘
1012 2200 1104 2261 quam
1130 2182 1316 2243 naturaliter

171 2283 286 2362 agentia
301 2281 458 2342 camelitas
478 2301 540 2343 non
561 2283 693 2360 attingit,
713 2283 821 2342 Proclo
840 2295 973 2342 auctore.
1017 2280 1136 2356 Quodsi
1154 2285 1265 2361 anieti,
1281 2297 1315 2346 etl

173 2388 275 2460 aiunl,
304 2385 463 2445 affeclibus
494 2385 617 2447 semotio
644 2385 828 2464 resipueris,
858 2385 947 2446 lacile
973 2382 1313 2468 intelliges,tqsta'·lo·

174 2485 291 2570 quendi
309 2483 402 2546 modo
423 2505 547 2547 causare
567 2488 690 2548 morbos
706 2485 849 2548 ¹concedis
872 2486 1025 2570 qrralitati-
1037 2489 1118 2548 alisia
1137 2486 1238 2550 uatuti
1256 2500 1312 2567 per

174 2613 206 2652 se
227 2587 424 2663 subsistenti,
440 2587 525 2668 quod
548 2590 581 2649 in
601 2603 788 2653 sacramento
802 2592 912 2653 altaris
933 2590 972 2652 de
992 2590 1315 2673 quantitataubeologi

174 2693 288 2755 dicunt.
331 2689 420 2752 Nihil
440 2691 568 2771 insuper
586 2689 817 2754 diffinis..altara
838 2705 925 2772 parte
944 2694 1100 2754 correlarii
1122 2693 1227 2770 buius,
1247 2712 1317 2759 oum

174 2797 315 2874 negativa
335 2795 384 2856 ait.
427 2789 490 2868 Qui
514 2794 596 2855 enim
618 2795 778 2857 hominem
787 2795 860 2875 dicit
881 2816 943 2858 non
964 2799 1083 2858 tanlunr
1093 2798 1230 2858 animam
1245 2815 1318 2873 aare,

175 2901 235 2963 niei
257 2900 348 2959 etiam
369 2895 570 2959 asseverando
590 2897 749 2975 adiecerit,
778 2902 911 2960 animam
940 2912 970 2962 et
1000 2921 1111 2980 corpus
1141 2903 1227 2963 unita
1245 2902 1320 2984 aare

174 3004 350 3078 hominem,
382 3000 463 3063 nillil
485 2997 613 3063 diffinit:
653 3023 733 3085 quae
761 3004 1074 3083 neglexissepotiira,
1100 3025 1195 3086 quam
1222 3006 1319 3066 nesci-³

175 3110 268 3184 visae,
289 3105 423 3189 qualiter
441 3115 561 3166 tantum
581 3101 695 3167 deceat.
711 3106 950 3186 philosophum,
983 3109 1319 3188 nomimis-intelligo.

177 3216 226 3276 Tu
249 3210 425 3273 excusabis:
446 3229 571 3290 pergam
591 3207 629 3271 ad
651 3209 849 3272 correlarium
867 3211 1008 3272 alterum.
1128 3234 1131 3239 ·
1218 3238 1222 3263 τ

243 3400 503 3461 Correlarium
530 3398 737 3463 secundum
767 3396 954 3462 secundae
981 3399 1272 3473 conclusionis„
1306 3424 1321 3447 -1

640 3501 722 3586 (Vll.
749 3505 786 3579 B,
810 3505 855 3584 b)
921 3566 924 3571 ,
984 3566 988 3571 .
1035 3522 1077 3577 ,,-ζ·
1220 3554 1223 3561 -
1260 3522 1276 3551 -“

191 3666 194 3671 -
265 3620 376 3682 Decuit
395 3620 618 3702 philosophum
640 3623 807 3699 hominem,
828 3622 1007 3703 praesertim
1027 3640 1119 3694 eum,
1132 3619 1187 3699 qui
1209 3624 1320 3677 sectam

179 3723 339 3806 profitetur
358 3723 520 3802 Averroie,
540 3726 700 3806 coniugata
722 3727 883 3788 seinvicem
905 3726 973 3800 uel,
985 3776 988 3781 .
1002 3720 1127 3795 aliialii,
1145 3722 1319 3778 concretum

179 3831 218 3892 ab
238 3829 389 3890 abstracto
408 3823 621 3906 denominare,
655 3843 684 3892 et
705 3827 965 3914 quemadmodum
994 3825 1036 3889 ab
1053 3817 1194 3883 albedine
1212 3820 1321 3896 album

182 3954 242 3995 non
272 3954 290 3992 a
319 3929 450 4011 pictore,
477 3928 520 3990 ita
544 3935 703 4013 ¹appellare
736 3935 860 3994 morbos
892 3927 1029 4012 oportuit
1059 3922 1255 4006 epidemiales
1283 3926 1322 3984 ab

181 4032 331 4116 epidemia
351 4047 382 4096 el
402 4034 618 4114 pestilentinles
639 4059 656 4098 a
677 4038 847 4119 pestilentia
861 4049 890 4098 et
911 4052 973 4096 non
988 4035 1034 4094 'ab
1048 4031 1125 4092 a·'e’rls
1148 4027 1325 4104 mutatione,

181 4138 250 4200 licet
269 4138 364 4201 abes
385 4137 521 4201 fotlarsis
543 4136 694 4218 epidemia
714 4154 871 4203 causeturr·
907 4139 1062 4200 liar-enim
1078 4133 1231 4216 epidamia
1253 4151 1325 4211 pro-

149 4234 153 4241 ’
181 4241 248 4322 prie
276 4257 339 4303 non
365 4239 446 4303 aeris
473 4239 638 4303 secundum
666 4246 854 4326 qualitalem.
868 4240 1019 4314 mutatio,
1049 4236 1102 4300 sed
1129 4249 1174 4298 est
1199 4235 1326 4296 morbua

181 4340 365 4424 clauduli.
388 4345 573 4409 aceruum
591 4361 621 4409 et
642 4345 785 4422 divinus,
816 4346 864 4406 rel
880 4338 1003 4403 adrem
1025 4344 1090 4417 aire
1111 4341 1326 4414 utrnciua523nt
