2806 4800
700 254 773 330 142

158 452 253 513 catrmt
273 445 459 512 consuetudo
480 458 509 510 et
530 446 652 509 scientia
675 445 815 528 publica,
844 445 934 528 quasi
955 445 1044 508 nobis
1066 444 1242 527 propinqua
1270 444 1311 507 sit

157 556 251 637 atque
271 552 380 628 vicina,
403 547 570 614 sectandum
593 535 726 631 primam
749 551 860 614 Galeui
881 550 1183 612 commentationem
1202 569 1311 611 secun-

156 655 232 718 dum
251 657 378 720 alteram
392 654 476 718 'vero
496 653 703 735 aegritudines
726 654 896 735 regionales
919 653 985 715 sive
1007 653 1068 715 loci
1087 666 1159 717 aunt
1179 653 1311 736 propin-

157 781 247 844 quae,
259 773 362 842 prout
376 758 526 842 particula
546 760 740 842 propinquae
762 754 890 820 includit
902 757 1077 837 oppositum
1090 752 1203 836 huius,
1223 754 1310 840 quod

157 878 202 928 est
223 862 378 938 diversae,
397 864 419 923 i.
441 883 468 927 e.
491 870 552 947 nota
576 859 733 938 diversae,
754 857 808 922 sed
835 859 959 921 similes.
1001 857 1152 940 dlgueied
1173 880 1310 943 namque

157 980 188 1031 ct
206 964 410 1048 aegritudines
429 963 600 1044 regionales
620 964 737 1026 similes
759 975 840 1025 stant.
898 960 960 1026 Sed
981 963 1059 1024 aliae
1087 975 1160 1026 etant
1179 963 1309 1046 propin·

158 1090 239 1154 quae
261 1070 287 1131 i:
303 1089 330 1131 e.
346 1068 439 1150 ⁴ipsis
468 1071 628 1148 oppositae
658 1067 770 1145 scilicet
800 1066 954 1147 diversae3
993 1081 1022 1130 et
1051 1069 1104 1130 ilia
1131 1067 1310 1150 significatio

157 1174 252 1236 iratius
271 1172 437 1254 paniculae
458 1168 582 1234 videtur
601 1169 694 1233 ualde
714 1169 824 1233 usitata
844 1170 997 1253 antiquis,
1019 1171 1154 1234 Galenus
1174 1188 1310 1254 namque

157 1276 215 1338 ait:
244 1294 285 1337 ex
302 1274 492 1336 hominibus·
506 1285 595 1351 sunt,
624 1273 681 1357 qui
708 1294 810 1336 metm
833 1286 953 1354 ponunt
973 1274 1159 1355 praevisioni
1179 1275 1310 1357 propin·

157 1397 260 1462 quum-
278 1377 302 1439 i.
323 1399 350 1439 a.
371 1375 547 1440 immediate
577 1377 771 1458 oppositum:
804 1390 835 1440 et
860 1398 1026 1441 musonare
1056 1375 1193 1455 videtur,
1224 1377 1309 1462 quod

158 1478 288 1542 dicitur:
310 1477 373 1543 duo
397 1479 509 1558 iecisti,
526 1478 671 1560 domine,
691 1500 910 1564 unumprope
930 1494 960 1544 te
982 1493 1012 1544 et
1034 1480 1119 1544 eliud
1141 1475 1242 1564 prope
1261 1483 1310 1544 ni·

157 1586 205 1646 hil
226 1586 248 1648 i.
270 1607 297 1648 e.
318 1583 493 1648 immediate
514 1578 710 1666 oppositum:
746 1587 887 1662 etitem,
920 1576 1006 1669 qiud
1030 1586 1186 1648 Avicenne
1216 1580 1310 1647 dicite

157 1685 402 1766 accidit'autem,
429 1683 516 1772 quod
536 1686 762 1766 haeo'divieie,
781 1710 852 1752 cum
870 1691 966 1752 homo
987 1710 1054 1752 eam
1075 1689 1236 1766 habuerit,
1258 1710 1310 1752 ve·

159 1814 214 1856 rae
226 1782 403 1876 aequalitati
415 1789 556 1854 valdesit
568 1793 746 1875 propinqua
766 1793 787 1854 i.
800 1814 826 1856 e.
843 1791 1029 1870 immediate,
1052 1805 1086 1855 ut
1099 1813 1216 1856 nonens
1226 1794 1309 1870 enti,

157 1897 336 1980 opponitur.¹
380 1892 542 1977 Oppositio
557 1914 692 1980 namque
707 1896 775 1978 ipsa
789 1899 864 1973 sola,
889 1909 923 1958 ut
937 1909 1007 1959 ante
1019 1896 1229 1977 repetivimus,
1251 1916 1310 1959 utt-

113 2032 116 2036 ·
157 2014 273 2079 meret,
294 1999 428 2063 Bohetio
448 2011 581 2062 sumere.
623 1995 685 2062 Sed
707 2016 766 2079 pro
782 1997 877 2061 huius
893 1997 1052 2079 significati
1066 1997 1310 2064 manifestatione

156 2104 325 2182 annotabo,
345 2120 425 2187 qnae
446 2102 478 2164 iu
500 2099 580 2165 dicta
602 2101 713 2164 Galeni
733 2101 988 2164 commentatione
1008 2102 1211 2166 communiter
1231 2105 1310 2166 male

146 2209 317 2286 leguntur,
348 2207 392 2268 eie
412 2205 494 2266 enim
517 2202 641 2267 videtur
657 2196 855 2284 ‘legendumr
889 2217 919 2266 ct
947 2204 998 2266 hic
1019 2205 1110 2266 etiam
1137 2216 1184 2267 eet
1213 2224 1309 2286 genus

160 2306 246 2368 aliud
271 2328 311 2370 ex
332 2304 577 2388 aegritudinibus
599 2316 661 2368 non
683 2309 908 2369 communicans
929 2306 1052 2383 multis,
1083 2320 1113 2369 et
1134 2307 1310 2370 nominatur

158 2405 320 2487 aegritudo
332 2407 477 2471 'diversas
504 2406 652 2488 et'prope
671 2405 737 2469 eive
756 2425 860 2469 coram
879 2409 1024 2470 omnibus
1050 2409 1117 2471 istis
1142 2406 1305 2490 aegritudi-

159 2512 254 2572 nibus
273 2523 348 2573 sunt
376 2506 465 2586 illae,
494 2528 575 2592 quae
593 2506 744 2572 'accidunt
773 2530 813 2573 ex
841 2513 982 2592 regione:
1018 2523 1049 2574 et
1069 2509 1231 2575 laeduntur
1250 2532 1306 2594 per

159 2636 210 2678 ees
230 2615 371 2678 homines
390 2611 559 2677 secundum
587 2608 697 2677 modos
726 2612 863 2677 diversos
894 2615 1087 2694 multotieue3
1121 2626 1155 2676 et·
1174 2634 1238 2677 non
1264 2610 1308 2678 stt

158 2739 264 2782 earum
278 2717 433 2799 generatio
452 2714 631 2795 eommums,
650 2730 681 2781 et
701 2718 808 2780 infra-:-
820 2716 873 2780 sed
889 2731 960 2781 sunt
981 2714 1187 2796 aegrintdiees
1207 2716 1309 2782 ditem
1391 2728 1395 2741 ¹

158 2822 263 2884 street
280 2819 492 2900 propinquae,
515 2818 600 2902 quod
623 2832 685 2899 est,
715 2821 861 2902 quoniam
876 2799 1085 2882 'numanum
1104 2826 1152 2880 aet
1174 2831 1208 2882 ut
1228 2818 1312 2883 diua·-

159 2937 226 3000 tur,
242 2922 429 2987 centrarium
447 2919 790 3003 huius¹signifieationia
812 2925 845 2986 in
868 2925 921 3001 eis,
942 2924 1054 2987 scilicet
1076 2942 1138 2984 non
1159 2919 1310 3000 dicamne,

161 3021 215 3087 sed
236 3023 367 3099 similes:
390 3025 464 3086 haec
485 3024 705 3102 ibiGale'nns,
724 3046 809 3109 quae
831 3039 866 3089 ut
885 3026 1006 3106 singula
1026 3021 1311 3088 animadvertantur

159 3124 341 3207 diligentius
365 3145 438 3205 or03
471 3123 633 3206 proderint
660 3127 746 3191 enim
775 3126 1048 3208 intelligenti'non
1076 3144 1197 3208 parum.
1230 3125 1308 3190 -ded

158 3243 300 3295 reveunt·
319 3226 365 3290 ad.
383 3230 578 3292 camelarium
593 3230 748 3312 reputans
766 3228 844 3292 illud
863 3230 1038 3291 fabulosum
1051 3241 1081 3292 et
1101 3227 1311 3293 conuadtoess

159 3332 267 3411 sibipsi
288 3344 381 3411 prout
401 3336 522 3394 ceteree'
539 3334 632 3396 nubis
648 3335 800 3415 irrogatae
820 3334 999 3395 calumniae.
1036 3332 1087 3395 -Si
1116 3331 1213 3394 caim
1228 3329 1309 3392 dice-

159 3446 268 3509 rmtur
287 3434 388 3494 tnorbi
407 3433 603 3514 cpidemiales
624 3436 822 3509 emulatione
843 3436 922 3499 ae'ris
943 3433 1111 3500 secundum
1132 3432 1307 3517 qualitatem

160 3548 296 3609 tautum,
315 3536 593 3615 ephemeridarum
614 3557 673 3618 pro
694 3539 799 3621 aliqua
820 3538 998 3620 suassspecie
1017 3541 1124 3602 saltem
1147 3549 1224 3600 esset
1244 3536 1312 3617 api-v

161 3638 315 3714 demialis,
336 3649 369 3699 ct
386 3657 449 3700 non
473 3639 568 3702 febris
587 3641 817 3720 penitentialis,
849 3662 930 3725 quae
946 3643 1052 3705 'tamen
1082 3642 1116 3702 in
1144 3660 1181 3702 en
1200 3658 1312 3718 genere

161 3743 284 3807 videtur
303 3743 404 3824 prima
431 3755 464 3804 et
493 3744 594 3807 veluti
617 3745 659 3807 iu.
672 3744 924 3817 convertibilibus
949 3743 1033 3826 apud
1053 3743 1167 3822 logicos
1194 3736 1312 3799 diffini-

160 3849 214 3912 tio.
268 3846 337 3910 Nisi
364 3843 499 3929 denique
523 3849 647 3911 morbos
667 3850 752 3930 ipsos
772 3851 943 3915 transferas·
960 3852 1008 3917 vel
1029 3845 1068 3908 ad
1089 3842 1229 3918 causam,
1260 3848 1312 3905 vel

162 3949 484 4026 ad'subieetnm,.non
505 3952 630 4032 propris
650 3953 764 4033 potetis
784 3954 957 4033 paciferos»
971 3945 1312 4034 appellare-eo‘,-quod

163 4039 265 4134 neque
294 4054 398 4115 ferunt
426 4056 720 4134 nequespatiuntur
752 4070 884 4138 pestem:
928 4055 980 4118 scd
1014 4053 1175 4121 homnem
1212 4064 1314 4133 pastea

44 4165 49 4175 ’
163 4162 235 4216 suut
263 4163 292 4215 et
325 4166 451 4215 naturae
472 4174 581 4218 noxae.
648 4154 736 4231 Quae'
765 4171 800 4218 ut
828 4159 906 4221 levia
941 4178 1070 4237 prorsus
1099 4155 1244 4236 relinquo
1272 4153 1311 4215 ad

164 4256 280 4320 uaniora
302 4255 455 4319 festinans.
595 4262 598 4267 '
1097 4260 1100 4267 '
