2806 4800
658 220 735 294 298

129 406 216 488 pris,
241 406 346 490 queis
369 408 496 470 morbus
512 419 574 483 stt,
601 407 707 470 affecta
727 420 758 470 et
776 409 916 489 pustulas
935 407 1006 474 iacit
1027 423 1058 474 et
1076 409 1218 475 dolorem
1233 413 1269 475 in

129 509 280 586 mdculis,
308 531 361 586 ae,
387 522 537 594 quantum
566 508 607 572 ad
625 512 686 574 boc
713 512 836 587 attinet,
866 531 929 573 non
966 511 1029 576 duo
1056 515 1175 592 morbi,
1211 514 1268 578 ssd

129 631 209 673 unus
229 623 362 690 tantum,
389 614 475 676 nnus
502 610 591 676 dolor
614 611 758 676 accedam
779 625 834 677 est.
883 614 935 675 llli
951 614 1051 691 enim,
1078 617 1135 698 qui
1164 620 1269 681 nullas

127 714 242 776 babent
263 717 400 794 pustulas
418 716 452 776 in
471 715 629 797 superficie
648 715 799 799 eorporis,
830 714 930 778 simile
947 729 1049 779 umen
1069 719 1188 800 siquid
1209 723 1269 784 ba·

129 818 202 880 bere
222 818 402 881 intrinsecus
419 832 550 901 possunt
567 841 638 883 cum
656 818 772 881 maiore
792 815 915 897 dolore;
934 822 1078 882 nonnulli
1096 823 1178 884 enim
1200 844 1268 886 me·

128 919 190 985 diei
206 923 241 984 in
261 924 348 985 ltalia
371 944 390 985 a
410 921 594 1006 quibusdam
613 923 753 998 mortuis,
772 920 842 1004 (ubi
862 934 892 984 et
912 921 952 985 ed
972 925 1034 986 boc
1048 927 1160 988 assueti
1179 927 1269 1012 sunt)

128 1046 208 1111 qnos
229 1026 355 1088 morbus
374 1028 499 1106 gallicus
517 1026 653 1090 virentes
671 1027 847 1103 infestaret,
874 1026 941 1089 eius
961 1028 1064 1090 morbi
1084 1028 1269 1111 explorandi

128 1133 227 1211 grstia
246 1129 385 1213 dispectis
404 1131 569 1194 visceribus
589 1131 634 1193 ita
664 1151 730 1195 etse
748 1129 1023 1211 deprehendenmt.
1072 1133 1171 1195 Etiam
1192 1134 1270 1197 lruic
1394 1140 1396 1147 '

127 1234 175 1297 rei
193 1247 313 1316 praeter
332 1254 453 1296 sensum
473 1235 552 1296 ratio
571 1245 633 1308 eet,
654 1245 689 1295 ut
715 1233 818 1295 suibit
839 1233 996 1298 Gemmas
1016 1232 1134 1297 dieenet
1168 1235 1268 1312 „Cre-

128 1333 262 1400 dendum
290 1350 352 1414 est,
378 1349 479 1418 partes
508 1337 668 1400 interiores
697 1334 906 1399 adamantinae
933 1357 995 1399 non
1023 1358 1109 1414 esse,
1137 1350 1172 1400 ut
1203 1359 1268 1401 non

128 1437 254 1516 eisdem,
273 1440 385 1523 quibus
405 1439 540 1503 exterius
558 1436 707 1516 videmus,
728 1440 858 1503 interius
876 1439 955 1503 uilici
971 1459 1034 1503 non
1054 1462 1159 1523 posse3
1180 1440 1270 1525 quod

129 1544 165 1604 in
184 1544 317 1624 pleuresi
336 1539 475 1626 quotidie
497 1541 674 1603 cernimus.”

213 1647 263 1708 De
285 1646 381 1708 musis
401 1645 468 1708 eius
487 1641 710 1724 progrediendo
722 1641 801 1721 dico,
822 1666 915 1707 unam
935 1658 1083 1709 remotam
1104 1659 1134 1710 et
1148 1649 1269 1711 extrin-

20 1792 23 1797 -
128 1768 226 1811 secam
249 1759 280 1809 et
298 1749 376 1810 forte
397 1747 527 1828 primam
547 1745 597 1831 (ut
616 1748 754 1827 theologi
771 1744 889 1831 diurnt)
906 1748 974 1809 lore
988 1745 1129 1811 divinam
1144 1751 1225 1813 bam
1238 1765 1269 1815 et

128 1850 277 1913 ultionem
297 1850 338 1914 ad
356 1855 469 1915 scelera
487 1865 517 1914 et
537 1849 647 1915 delicta
665 1852 826 1915 hominum
846 1850 1017 1934 punienda:
1039 1854 1117 1918 sistit
1137 1871 1167 1922 et
1191 1855 1268 1920 deus

128 1957 205 2019 olim
224 1957 274 2019 his
294 1957 446 2019 ulceribus
465 1955 632 2037 Aegyptios
655 1956 850 2019 vehementer
875 1967 921 2019 est
942 1969 1134 2037 persecutus,
1161 1972 1217 2022 aut
1235 1961 1268 2022 vi
1311 2027 1312 2030 ,
1402 1937 1403 1949 ἵ

16 2120 21 2131 ,
129 2074 299 2139 astrorum,
328 2073 362 2124 ut
380 2061 454 2123 certi
471 2071 608 2140 aspectus
629 2061 679 2123 rel
697 2059 939 2123 constellationes
967 2058 1017 2143 (ut
1045 2082 1140 2142 supra
1166 2077 1267 2127 estro·

128 2165 193 2244 logi
211 2161 360 2249 sentiunt)
379 2163 572 2244 superiorum
595 2162 737 2224 ludentes
767 2163 889 2225 evenire
916 2163 949 2224 in
970 2171 1040 2226 ae‘re
1060 2178 1091 2229 et
1111 2177 1191 2228 terra
1210 2187 1267 2229 seu

128 2279 227 2328 terrae
242 2267 433 2329 nascentibus
451 2263 697 2346 dispositionem,
728 2285 897 2346 perquam
927 2265 1076 2335 inducunt
1102 2269 1136 2329 in
1156 2289 1268 2350 corpo·

130 2370 217 2430 ribus
237 2369 380 2430 humanis
400 2365 552 2450 dispositis
573 2369 652 2429 banc
671 2368 853 2447 passionem.
906 2369 968 2432 Sed
988 2373 1137 2454 quoniam
1157 2371 1194 2433 de
1213 2375 1262 2435 bis

129 2473 228 2533 causis
254 2493 317 2534 non
345 2473 477 2533 multum
504 2484 588 2533 curat
614 2468 747 2533 medicus
777 2485 812 2534 ut
832 2470 988 2551 medicus,
1014 2472 1069 2537 sed
1093 2477 1212 2555 potine
1225 2473 1262 2537 de

128 2598 218 2640 causa
236 2577 397 2640 intrinseca
416 2577 582 2658 corporali,
607 2575 647 2639 ad
668 2577 753 2639 cuius
772 2579 974 2641 remotionem
992 2580 1112 2642 tollitur
1131 2581 1267 2656 morbus,

129 2679 170 2743 de
188 2683 246 2744 ista
266 2680 368 2760 primo
389 2692 424 2742 ut
444 2680 590 2761 physicus
616 2700 794 2763 prosequar.
857 2682 935 2744 Diuo
960 2682 1081 2764 itaque,
1109 2683 1266 2744 materiam

129 2786 203 2846 buic
229 2785 338 2846 morbo
375 2783 594 2846 administrare.
617 2784 716 2846 omnis
748 2785 888 2847 humoris
915 2786 1120 2868 cuiuscunque
1147 2786 1267 2864 generis

129 2885 349 2950 abundantiam
376 2889 456 2948 oltra
471 2896 626 2949 ‘naturam
657 2887 690 2949 in
723 2908 868 2968 corpore,
903 2885 1069 2951 dummodo
1103 2890 1145 2952 sit
1175 2890 1267 2965 mala,

129 3003 236 3068 scuta,
273 2993 368 3067 salsa,
404 2991 569 3066 corrosiva,
601 2991 817 3052 melancholica
846 2992 1008 3072 praecipue
1040 3004 1069 3055 et
1096 2989 1206 3055 adusta
1238 3005 1268 3054 et

128 3095 223 3174 falen3
263 3095 375 3156 falsum
403 3092 569 3157 dummodo
596 3115 718 3174 semper
743 3115 895 3158 venenosa
915 3097 1062 3179 qualitate
1082 3109 1112 3159 et
1138 3097 1268 3178 propria

129 3197 299 3278 participet.
342 3197 463 3260 Dicitur
484 3210 624 3260 notanter
638 3210 733 3274 acuta,
755 3197 828 3280 quta
845 3197 889 3259 sic
904 3199 1104 3260 communiter
1122 3211 1184 3278 eet3
1201 3199 1268 3263 'nisi

131 3301 212 3361 enim
231 3300 425 3380 participaret
444 3302 589 3378 nouitate,
612 3320 676 3363 non
695 3301 807 3365 iaceret
826 3303 964 3381 pustulas
982 3322 1038 3362 nec
1058 3302 1268 3367 ulcerationas.

129 3402 190 3463 leta
209 3416 311 3465 autem
333 3407 413 3466 mala
434 3407 595 3467 hominum
618 3407 808 3487 cacocbymia
831 3427 886 3468 seu
912 3404 1099 3479 abundantia
1117 3405 1267 3486 pessimo·

129 3524 201 3567 rum
220 3507 386 3569 humorum
406 3527 487 3571 nunc
505 3509 704 3573 communiter
724 3529 860 3586 currens,
888 3510 960 3572 huic
978 3511 1087 3573 morbo
1107 3511 1266 3583 materiam

130 3609 267 3672 tribuens
294 3623 323 3673 et
336 3609 507 3675 ‚inllueutiis
535 3611 764 3692 dispositionem
785 3626 933 3693 aptatam,
962 3636 1004 3677 ex
1023 3613 1118 3675 niutia
1139 3610 1263 3679 distem·

130 3713 214 3793 perie
233 3713 313 3775 ae'ris
331 3713 364 3775 iu
384 3713 512 3778 humido
540 3717 694 3797 permixta
723 3715 856 3800 quadam
886 3731 1029 3781 extranea
1058 3730 1089 3780 et
1115 3733 1261 3791 venenosa

129 3819 275 3901 qualitate
296 3831 325 3881 et
345 3821 460 3882 occulta
478 3821 629 3901 provenit.
677 3819 779 3896 Quam
797 3823 973 3902 opinionem
1001 3833 1137 3883 nostram
1166 3813 1263 3879 medi·

131 3940 235 3985 oerum
256 3921 404 3987 duntaxat
431 3926 729 3989 sententiaGmmrr
753 3947 846 4006 super
874 3929 1095 3989 Hmrocrarem
1124 3924 1165 3988 lll
1194 3943 1267 4004 pnr-

131 4025 224 4089 ticuln
231 4028 494 4107 aphorismorum:
515 4032 587 4107 „ille
603 4044 714 4093 aestate
730 4029 855 4113 quidem
876 4044 906 4093 et
925 4027 1140 4111 pudendorum
1161 4041 1267 4110 putre·

134 4124 241 4191 dines”
265 4135 461 4212 approbabo,
498 4135 541 4196 sic
571 4155 744 4213 exponens:
778 4132 992 4214 pudendorum
1024 4131 1205 4214 putredines
1238 4143 1269 4195 et

133 4232 229 4294 multa
249 4234 362 4297 scabies
382 4250 413 4299 et
432 4235 684 4317 maliguaaccidit
704 4238 737 4297 iu
759 4237 950 4319 homiuibus,
980 4237 1109 4300 ubia‘e'r
1128 4257 1270 4316 praeser-

132 4335 224 4397 tima
246 4335 411 4417 naturead
432 4338 644 4405 humiditatem
665 4343 835 4420 accesserit,
856 4341 945 4405 sicuti
964 4353 994 4403 et
1014 4342 1142 4405 abarum
1162 4361 1270 4405 rerum
