2806 4800
624 427 844 527 Epistola.

164 548 312 684 lenaeus
334 621 588 682 Vuvuruauraus
618 619 845 683 Slettstnttensie
878 617 983 680 lectori
1005 619 1142 681 salutem.
1193 613 1310 692 Quam·

162 708 211 768 vie
231 709 310 769 iusta
331 707 391 770 Dei
414 708 557 770 severitas
579 707 643 767 slve
665 720 791 785 propter
823 703 1008 767 horrendam
1041 717 1070 766 et
1092 703 1165 765 olim
1188 701 1310 764 inaudi-

163 807 226 854 tam
255 793 493 872 blasphemiam,
520 793 585 854 eive
613 805 741 871 propter
771 791 1000 872 spurcissimum
1035 787 1132 872 (quod
1164 788 1310 874 invaluit)

163 877 349 939 adulterium
371 893 424 942 aut
456 891 554 939 cetera
573 891 696 957 peccata
726 898 781 959 per
801 875 937 939 siderum
959 877 1062 937 ssuxus
1083 875 1220 957 aliasque
1239 896 1310 937 catt-

164 984 212 1025 sas
243 965 385 1024 morbum
422 961 594 1046 quendam,
636 984 729 1046 quem
751 951 867 1026 'nostra
897 974 1074 1052 tempestate
1101 961 1244 1023 lueubres
1275 961 1308 1022 in

164 1050 295 1130 patriam
315 1069 402 1111 enam
415 1052 519 1112 Gallos
533 1049 685 1110 invexisse
705 1051 920 1124 lamentantur,
942 1068 1004 1110 non
1020 1043 1146 1130 quidem
1176 1046 1225 1130 (ut
1241 1047 1310 1109 vul·

165 1156 221 1213 gns
241 1136 398 1215 opinatur)
422 1156 554 1210 novum,
577 1133 630 1196 sed
651 1135 862 1214 superioribus
883 1134 970 1196 annis
991 1147 1052 1195 tam
1074 1133 1194 1207 visum,
1215 1151 1309 1215 qnam

164 1223 330 1300 aegerrime
350 1242 538 1302 perpessum,
561 1233 667 1283 nostro
687 1223 789 1282 seculo
801 1222 891 1282 terris
911 1220 1048 1296 immisit,
1070 1231 1104 1280 ιιι
1124 1219 1167 1279 sic
1182 1218 1310 1281 miseros

165 1310 308 1369 mortales
326 1308 492 1370 rectissime
509 1316 635 1386 propter
654 1307 849 1388 imquitatem
870 1305 1024 1386 corripiat,
1045 1322 1085 1365 ex
1104 1304 1194 1365 solita
1208 1316 1310 1366 tamen

166 1394 279 1472 pietate
296 1405 325 1454 et
348 1391 466 1455 infinita
486 1393 644 1454 clementia
664 1393 756 1455 rebus
788 1414 807 1453 a
836 1413 868 1454 ee
889 1390 1017 1454 conditis
1044 1391 1198 1452 abennem
1228 1389 1310 1452 vires

166 1475 294 1553 indidit,
317 1479 429 1561 quibus
451 1479 601 1559 peccatori
620 1479 713 1541 iustas
735 1490 988 1560 poenasexperto
1010 1474 1207 1560 (posthabitis
1221 1496 1310 1556 prae·

167 1564 255 1643 cipue
274 1562 410 1647 llagitiie)
438 1567 571 1625 humana
598 1564 731 1626 vicissim
760 1562 910 1626 industria
942 1563 1071 1624 feliciter
1104 1581 1194 1642 opem
1230 1561 1311 1622 lerre
1354 1572 1357 1577 '

166 1650 262 1730 possit
273 1692 281 1725 ,
303 1663 338 1715 ut
358 1648 566 1713 misericordia
586 1648 734 1713 iudicium
751 1651 959 1729 superexaltet
984 1660 1013 1729 et
1034 1645 1116 1717 unde
1138 1647 1249 1725 vulnus
1266 1658 1311 1708 est

168 1748 285 1810 οιιιιιιι,
306 1734 378 1798 inde
397 1733 526 1816 prodeat
546 1732 577 1796 el
593 1733 731 1797 medela·
767 1734 830 1796 Hac
850 1754 904 1814 epe
923 1735 1006 1795 bona
1025 1733 1121 1795 iretue
1138 1728 1309 1794 Consanus

168 1821 324 1896 Scnsaata,
345 1820 620 1900 Heidelbergensis,
634 1819 851 1882 medicinarum
863 1822 978 1881 Doctor
989 1820 1137 1897 egregius,
1160 1830 1192 1880 ut
1207 1818 1312 1879 claris·

167 1907 245 1968 simo
263 1907 517 1990 pientissimoque
537 1906 669 1987 principi
689 1926 745 1968 suo
756 1908 915 1981 Paestano,
930 1905 1044 1967 Comiti
1054 1904 1156 1967 Rheni
1164 1904 1312 1984 palatino,

166 2013 284 2054 rnorem
306 2007 422 2073 gereret
439 2006 533 2077 atque
548 2012 588 2053 ex
609 1994 742 2055 fraterna
762 1992 987 2074 christianaque
1007 1992 1152 2054 charitate
1165 1990 1310 2070 proximo

167 2079 278 2159 cuique
301 2083 486 2156 consuleret,
514 2091 578 2140 tum
601 2079 735 2160 propriis
756 2078 905 2153 inventis,
936 2091 1001 2139 tum
1023 2098 1062 2138 ex
1089 2075 1311 2156 probatissimis

166 2164 449 2247 antiquissimisque
468 2162 689 2226 medicinarum
703 2164 937 2243 ⁴professoribus
952 2165 1030 2227 sicut
1050 2164 1116 2242 apis
1147 2181 1311 2242 argumen-

167 2263 233 2311 tosa
253 2252 465 2327 operosissime
487 2251 654 2326 congessit,
672 2248 821 2331 quicquid
848 2247 887 2309 ad
909 2249 1001 2311 buius
1033 2248 1134 2311 morbi
1161 2268 1311 2328 praeven-

168 2337 284 2395 tionem
307 2356 473 2417 curamque
491 2334 620 2397 attinere
638 2334 785 2404 videtur„
812 2335 977 2415 Descripsit
1000 2335 1131 2408 etenim,
1157 2354 1309 2416 quaenam

169 2420 209 2481 sit
231 2419 306 2478 lraec
326 2422 444 2500 passio,
465 2419 579 2501 quibus
600 2420 696 2483 causis
716 2423 849 2496 oriatur,
877 2443 940 2504 qua
960 2420 1010 2483 via
1030 2420 1193 2482 intercludi
1214 2419 1310 2501 possit

169 2517 199 2566 et
220 2505 343 2582 evitari,
364 2527 560 2587 praeservans
580 2505 733 2588 siquidem
754 2506 874 2568 effinxit
893 2507 1046 2586 regimen,
1068 2507 1100 2567 in
1121 2527 1185 2588 quo
1205 2518 1310 2587 aperte

170 2589 376 2668 demonstrat,
404 2593 518 2677 quibus
538 2592 577 2656 sit
607 2590 755 2655 utendum
784 2593 877 2655 rebus
909 2605 938 2655 et
967 2612 1047 2674 quae
1077 2593 1139 2655 sint
1166 2589 1311 2667 cavenda,

169 2689 204 2737 ιιι
227 2678 301 2738 haec
321 2675 422 2739 lurida
443 2677 537 2758 pestis
558 2678 740 2760 effugietur,
773 2697 866 2761 qnam
896 2676 1030 2761 denique
1050 2679 1199 2758 radonem
1221 2679 1311 2757 aeris,

170 2763 230 2822 cibi
251 2775 281 2822 et
312 2777 419 2842 potus,
446 2764 546 2827 somni
575 2778 605 2827 et
632 2765 769 2848 vigiliae,
802 2776 903 2828 motus
922 2777 951 2827 et
972 2763 1310 2852 quietis,‘inauitionis

170 2848 409 2930 repletionisque
431 2851 544 2910 babere
565 2848 746 2926 debeamus,
768 2851 886 2931 quique
907 2849 1033 2911 allectus
1055 2863 1085 2912 et
1104 2851 1311 2929 perturbatio·

171 2953 224 2993 nee
243 2934 282 2992 ab
304 2936 408 2996 animo
427 2936 487 2997 sint
508 2933 730 2998 excludendae:
751 2957 806 2995 nec
822 2937 925 3015 operis
948 2937 1070 2998 venerei
1086 2948 1115 2996 et
1131 2937 1311 2998 balnearum

171 3018 284 3080 oblitus
307 3033 360 3082 est.
414 3019 531 3083 Adiecit
560 3023 687 3103 insuper
714 3021 882 3082 curativum
912 3022 1146 3104 sanativumque
1172 3022 1309 3100 regimen

170 3101 405 3189 moderataeque
429 3120 458 3169 et
479 3108 610 3168 salubris
632 3107 748 3169 diaetae
770 3104 1179 3170 ordinatissimumtenorem
1200 3104 1238 3167 ad
1260 3125 1310 3167 res

170 3192 320 3268 singulas,
349 3213 426 3275 quas
448 3195 540 3273 panlo
560 3207 630 3255 ante
658 3193 869 3267 meminimus,
899 3191 1178 3269 accommodatum,
1209 3212 1310 3274 neque

168 3276 339 3355 potionem,
357 3300 458 3360 neque
479 3280 664 3358 chirurgiam
690 3281 789 3360 ipsam
820 3279 942 3340 silentio
970 3279 1137 3359 praeteriit.
1186 3277 1312 3358 Duplici

169 3361 243 3420 lmic
263 3365 487 3441 praeservativa
509 3387 543 3424 ac
562 3366 699 3426 curative
719 3365 863 3443 regimini
880 3363 1047 3427 medicinae
1065 3365 1218 3445 plurimae
1237 3363 1312 3425 sim-

169 3446 262 3525 plices
290 3458 384 3527 atque
413 3451 596 3527 compositae
629 3453 873 3532 necessariaeque
908 3448 948 3511 ad
978 3447 1200 3532 aegritudinem
1232 3452 1311 3510 lianc

170 3529 335 3591 ctrrandam
352 3529 480 3593 idoneae
500 3531 665 3595 secundum
692 3547 854 3616 utramque
876 3533 1041 3598 medicinae
1066 3545 1184 3614 partem
1211 3533 1309 3591 intro-

169 3628 266 3676 sertae
287 3627 368 3677 strat.
424 3619 465 3678 At
485 3639 559 3679 vero
587 3619 722 3696 regimen
750 3620 850 3700 ipsum
885 3642 945 3683 non
972 3619 1005 3680 in
1033 3617 1185 3698 praesenti
1205 3618 1306 3676 solum

168 3705 315 3780 languore
334 3701 409 3762 utile
430 3714 474 3762 est
492 3716 522 3764 et
544 3705 759 3780 necessarium,
789 3726 895 3766 verum
923 3704 1013 3767 etiam
1034 3702 1177 3763 smaltis
1198 3700 1307 3762 variis·

169 3809 231 3868 qne
251 3788 318 3848 aliis
340 3785 565 3850 valetudinibus
587 3789 802 3868 praeservandi
833 3804 861 3852 et
883 3787 1010 3852 curandi
1029 3785 1196 3851 doctrinam
1214 3787 1307 3847 allert

168 3874 341 3934 salutarent.
385 3869 485 3948 Quam
507 3886 539 3934 tu
561 3895 629 3936 cunr
652 3877 767 3937 laetitia
787 3877 919 3954 suscipe,
947 3879 1060 3952 lector,
1081 3873 1232 3936 Cornsno
1258 3873 1307 3932 iu·

168 3959 245 4034 giter
274 3958 386 4036 gratias
416 3957 576 4020 habiturus
602 3961 804 4037 immortales,
834 3963 999 4043 Deumque
1028 3958 1215 4034 benedicito,
1253 3957 1309 4039 qui

170 4044 247 4101 lianc
267 4044 409 4121 pietatem
432 4040 515 4106 dedit
537 4045 723 4120 bominibus,
745 4068 763 4106 a
788 4065 851 4127 quo
874 4048 973 4108 omnis
994 4062 1038 4109 est
1059 4044 1187 4108 medela.
1230 4044 1310 4106 Nam

169 4140 197 4187 ct
218 4125 256 4186 de
277 4139 355 4187 terra
386 4126 565 4192 medicinam
586 4130 699 4190 creavit
730 4131 895 4192 altissimus
927 4130 1142 4215 medicumque
1164 4128 1312 4191 honorari

168 4213 328 4291 praecepit.
371 4214 460 4276 Vale.
