2806 4800
689 263 764 342 154

155 462 249 520 retem
271 459 349 537 ignis
367 460 516 520 notionem
537 453 696 537 suspendit
703 470 727 532 ‚²
740 453 889 536 deditque
911 453 1010 515 brutis
1030 447 1213 530 stolidiequs
1235 451 1303 512 nni·

155 562 309 622 mantibus
322 546 356 620 in
376 563 658 623 humaunmrocem
679 559 840 639 prorumpi
860 569 891 619 et
909 555 1016 618 idiotis
1036 554 1220 616 hominibus
1236 571 1303 614 sse·

156 663 217 722 tuli
244 665 393 742 sepientes
422 680 615 743 exsupemre.
673 663 711 724 Et
736 660 811 722 hne'c
840 657 1008 722 sufficiunt·
1026 653 1065 718 de
1086 651 1303 736 impertinente

157 766 363 842 conclusione,
387 766 501 847 quibus
523 766 624 826 velens
645 775 675 825 et
695 761 734 824 nd
759 771 865 826 roto(
1010 754 1015 767 '
1248 777 1251 781 ’

566 998 751 1074 Conclusio
775 998 899 1101 operis.
921 1094 924 1099 ⁴
1003 1081 1006 1084 ‚

215 1152 218 1157 ’
245 1154 327 1215 Heeo
353 1154 467 1231 lrabui,
495 1154 555 1217 viri
585 1155 760 1230 clarissimi,
791 1174 871 1236 quse
892 1171 990 1214 meses
1010 1172 1079 1212 mee
1095 1149 1247 1212 Minerua
1272 1160 1302 1211 et

159 1255 393 1334 in'erti'ingenio
414 1255 453 1319 de
477 1258 653 1338 quaestione
671 1255 844 1320 edunreum
872 1275 922 1314 mo
950 1273 1051 1332 stupor
1084 1251 1242 1331 proposito
1267 1251 1303 1311 io

159 1367 333 1419 transcursu
353 1357 542 1435 dissererem,
562 1361 722 1441 quibusst
742 1356 1121 1420 dominum-Lenuieeuum
1137 1353 1177 1416 de
1191 1355 1302 1416 morbo

161 1458 268 1534 gallicu
288 1461 407 1538 egregie
427 1461 608 1522 scribentem
629 1459 822 1522 defenderem
845 1472 875 1537 et
895 1455 1100 1540 quorundam,
1120 1457 1148 1518 ei
1170 1475 1302 1535 possem,

160 1560 316 1624 erroribus
327 1564 550 1639 subvenirem,
578 1585 658 1646 ques
678 1565 769 1625 etism
782 1563 862 1625 sotis
883 1582 947 1624 esse
966 1557 1111 1635 uidentur
1125 1557 1171 1619 nd
1190 1557 1302 1620 'coufir-

160 1659 301 1722 rnnndnm
331 1663 492 1725 veritatem.
516 1677 546 1726 et
574 1663 615 1725 sd
644 1662 858 1729 confutandum
882 1663 1064 1737 venitatem,
1103 1659 1195 1723 modo
1237 1680 1302 1722 sese

160 1766 317 1825 retrahent
337 1766 476 1829 homiues
503 1769 722 1848 nomineris.
770 1763 981 1846 superaddam
1002 1777 1104 1824 touton
1130 1763 1169 1825 iis
1187 1764 1303 1842 epolo-

161 1884 234 1941 gum
261 1864 426 1928 doctissimi
452 1851 629 1950 Penduipiri
657 1869 825 1931 Cullenutii
851 1866 1061 1928 Iurisconsulti
1089 1866 1122 1925 in
1152 1878 1304 1946 quaterno

160 1968 318 2030 seiunctim
339 1971 531 2051 impressum,
549 1975 636 2034 cuiue
656 1973 791 2034 lutinitas
810 1984 873 2033 tem
893 1981 1015 2050 corupte
1033 1979 1078 2028 est
1098 1980 1127 2029 et
1149 1967 1304 2040 concinne,

162 2091 256 2150 quem
277 2071 414 2134 inventio
432 2076 632 2152 sententiosa,
663 2098 682 2137 n
704 2074 879 2158 quostiam
907 2093 967 2134 nou
996 2091 1110 2151 penca,
1141 2066 1194 2130 sed
1211 2069 1303 2144 longe

163 2174 253 2250 pluro
272 2195 291 2234 n
312 2176 378 2236 ΙοΙι.
399 2177 506 2240 Frenc.
528 2180 599 2239 Pico
619 2173 1025 2248 meis-recommodaverim,
1046 2184 1127 2253 quus
1144 2171 1212 2231 iure
1232 2190 1304 2231 mn-

162 2276 226 2350 tui,
249 2289 283 2338 ut
304 2276 416 2354 debeo,
437 2280 499 2340 illis
519 2281 643 2359 ubique·
656 2276 762 2338 reddo
814 2265 911 2350 Quod
934 2276 961 2337 si
995 2275 1029 2334 in
1057 2273 1191 2354 propriis
1215 2294 1234 2335 n
1254 2292 1304 2333 ms

163 2390 300 2437 erratum
318 2390 380 2452 eet,
399 2399 460 2440 nou
483 2377 611 2458 prrdebit
631 2379 666 2438 in
688 2379 799 2438 melius
819 2389 937 2438 mertare
956 2378 1152 2450 seutentiam,
1179 2395 1306 2436 censure

164 2490 279 2554 vestre,
300 2499 394 2560 quam
414 2480 446 2538 in
466 2480 595 2558 siugulis
616 2479 813 2558 magnifacio,
831 2498 952 2558 semper
966 2480 1065 2540 selua.
1108 2478 1227 2538 Velete.
1281 2536 1284 2541 .

212 2599 215 2603 ’
248 2603 432 2695 impressum
463 2601 682 2696 Msgdebrrrgk
711 2622 792 2675 anno
824 2601 941 2676 domini
966 2615 1129 2676 millesimo
1157 2610 1304 2695 quadrin-

164 2718 329 2796 gentesimo
350 2719 546 2798 nonogesimo
577 2729 677 2794 nonu,
708 2716 757 2780 die
787 2741 859 2781 uero
891 2717 1005 2780 decime
1043 2718 1171 2797 septime
1194 2717 1305 2778 mensis

166 2818 361 2898 Septembris.
391 2807 398 2894 ,¹
610 2809 612 2812 Α
