2806 4800
647 210 731 322 ast

126 402 209 461 Esset
231 396 352 461 stenim³
364 415 428 457 uon
452 408 513 457 tam
528 391 686 471 odiosum,
708 413 801 474 quam
825 393 960 469 fatuum,
977 410 1070 474 super
1089 402 1266 473 sensu-per·

124 502 218 581 ceptis
239 513 336 561 tecum
359 496 467 562 rixari.
522 498 593 558 Post
616 498 692 558 haec
718 495 975 557 innaturalitatem
997 497 1162 556 humorum
1185 514 1267 555 mor·

125 604 234 664 borum
273 599 474 677 materialium
504 611 534 660 et
561 595 689 677 perinde
713 597 806 677 pestis
843 596 1029 676 principium
1058 596 1165 676 fingis,
1205 615 1266 655 non

122 701 282 765 attendens
310 701 465 763 hominem
494 699 593 761 bonae
621 698 829 763 staturalitatisJ
850 699 1015 759 humorum
1054 696 1158 759 subito
1186 709 1268 777 peste

124 824 213 883 posse
240 801 333 863 ioiici
349 813 377 861 et
405 801 580 879 corrumpi:
611 801 705 863 etiam
737 797 850 863 medici·
876 811 1031 874 asserunt‚
1066 795 1150 878 quod
1181 798 1267 859 stou

124 906 250 966 homine
270 907 385 965 humor
407 904 539 965 multum
561 914 732 965 venenosus
742 913 956 982 generaretur,
976 912 1050 980 pute
1071 900 1268 977 colempros·

125 1007 191 1068 siva
211 1018 264 1067 aut
283 1007 343 1069 alia
365 1025 569 1087 quaecunque.
588 1003 633 1065 de
655 1007 752 1067 mslse
772 1007 888 1066 colerae
911 1004 1085 1082 speciebus,
1116 1023 1172 1080 per
1192 1023 1268 1084 quos

124 1108 218 1172 febris
237 1109 269 1169 in
291 1107 497 1170 accidentibus
516 1104 716 1186 pestilentiae
729 1107 910 1169 similiorem
924 1106 1043 1169 saevior
1061 1104 1156 1178 fieret,
1176 1104 1269 1182 pesti·
1346 1110 1352 1117 '

123 1210 254 1272 lentialis
275 1221 341 1270 tum
367 1206 518 1271 diceretur
535 1209 683 1284 minime,
711 1228 781 1273 cum
795 1209 859 1269 ab·
877 1220 964 1271 extra
986 1226 1106 1270 causam
1125 1226 1190 1267 nou
1210 1206 1269 1271 he·

124 1314 193 1373 beat
216 1333 288 1373 suae
308 1308 498 1392 putredinis,
527 1309 581 1373 scd
598 1312 825 1392 ..corporalem
840 1307 1112 1391 :quemadmodum
1139 1329 1178 1371 ex
1202 1326 1268 1371 ter·

123 1414 170 1476 bis
198 1415 376 1477 Arrcsrrss
404 1430 495 1492 saepe
515 1409 796 1495 adductis-liquido
815 1411 893 1474 setis.
908 1413 1031 1474 oleret>

124 1669 291 1765 'VU'Circa
312 1648 561 1757 carcelariur'n
585 1647 748 1754 primuni
776 1669 1042 1733 conclusionis
1067 1665 1212 1730 tertiae.
1236 1670 1261 1732 ,“

140 1770 143 1775 ’
562 1773 644 1856 ..(Χ)
669 1796 700 1855 Ρ·
719 1771 808 1857 198),
837 1774 840 1780 ¹
871 1856 874 1861 ,
1057 1772 1079 1777 .‡

125 1950 140 1979 .·
211 1923 305 1997 Dixi,
336 1925 455 1985 eoelum
477 1926 592 2002 pestem
617 1925 682 1984 sine
712 1922 964 2002 dispositionibus
984 1924 1179 1984 simeonibus
1206 1941 1268 1983 nou

127 2028 266 2102 causare3
285 2037 331 2100 tu,
352 2024 690 2101 coeliinsufficisutiom
713 2037 742 2084 et
764 2023 912 2084 desectum
934 2025 1105 2103 posuerim,
1124 2023 1270 2083 intulisti:

126 2129 245 2188 coelum
270 2128 354 2188 enim
385 2125 461 2188 dcun
493 2129 609 2189 activa..
630 2128 670 2189 sit
705 2143 812 2204 causa,
850 2124 998 2207 rumquid¹
1024 2125 1271 2204 etffpassivoruns

126 2227 354 2308 dispositionem
376 2231 493 2308 exiget,
509 2242 544 2291 nt
567 2242 634 2290 ou'm
657 2231 695 2290 sit
717 2229 914 2303 universalis,
936 2225 1083 2302 mediata,
1107 2227 1202 2287 immo
1222 2245 1271 2287 re·

49 2372 54 2380 ι
126 2342 227 2406 mota,
246 2351 349 2393 noune
371 2345 401 2392 st
416 2329 608 2406 mediarum,
630 2343 660 2392 et
680 2331 926 2412 propinquarum
948 2328 1270 2410 dispositionem-quo·

125 2433 351 2510 quemateriee
375 2430 536 2495 admittere
555 2431 698 2496 debenti·
717 2435 957 2496 Nonneorizou
978 2435 1056 2494 alter
1076 2445 1107 2494 et
1127 2429 1270 2492 ulteriu-

125 2532 281 2594 ssuentiam
295 2524 641 2616 diversimoderecipit?
670 2539 752 2598 Haec
770 2537 874 2598 omnia
891 2547 1105 2617 praeterquam
1120 2532 1270 2594 defectum

124 2647 152 2695 et
175 2636 250 2695 coeli
269 2636 513 2698 insufficientiam
528 2640 599 2719 quis
616 2639 739 2714 inierat,
761 2636 1021 2720 quemadmodum
1044 2649 1078 2696 tu
1090 2632 1269 2696 contendis?

125 2732 250 2814 Optime
268 2758 302 2798 se
323 2739 566 2818 compatiantur,
588 2741 647 2800 hoc
665 2741 735 2821 ipso
754 2743 838 2803 enim
861 2742 1123 2802 maximeclaret:
1146 2757 1216 2798 nem
1237 2737 1268 2796 in

124 2853 291 2918 spontanee
330 2844 485 2920 generatis
512 2847 656 2906 materiae
694 2844 852 2926 dispositio
884 2856 924 2906 et·
950 2842 1121 2906 mediorum
1153 2841 1179 2904 si
1207 2857 1269 2900 noo

126 2941 296 3021 requiritur
303 2965 389 3021 ‚cur
416 2943 505 3026 apud·
523 2968 597 3041 nos,
623 2949 664 3011 sit
693 2951 867 3030 scorpiones
887 2961 939 3010 aut
961 2943 1158 3020 huiusmodi,
1177 2963 1269 3022 spon·

124 3057 212 3105 tanea
232 3047 371 3122 generari
398 3069 557 3130 uunquam
589 3051 750 3129 contingit,
777 3071 845 3112 cum
876 3063 990 3116 terram
1018 3063 1053 3130 pt
1072 3051 1184 3107 horum
1206 3064 1270 3103 nta-

126 3160 203 3207 trent
223 3138 496 3228 antea'posuen's?
539 3150 706 3228 spermatis
727 3153 754 3213 si
774 3151 970 3212 nuncetiam
993 3149 1025 3208 in
1047 3149 1182 3210 naturali
1201 3146 1269 3207 uni·

127 3267 200 3310 voce
221 3251 604 3330 generatione-dispositio
635 3265 812 3326 concurrat,
838 3265 939 3313 mente
960 3252 1140 3332 semiseptus
1155 3249 1269 3330 digno·

125 3363 202 3428 scat,
225 3363 357 3412 ettamen
378 3352 675 3433 conphilosophum
700 3355 757 3414 hoc
776 3355 954 3416 sentientem
969 3352 1067 3416 eudes.
1083 3374 1268 3434 nuncupare.

125 3455 257 3514 Pernen
282 3454 488 3529 Arornnsms,
508 3454 557 3514 cui
579 3469 608 3518 et
633 3469 678 3532 tu,
698 3457 821 3518 similla
842 3457 930 3518 annis
953 3457 1087 3533 viveres,
1109 3477 1268 3539 nunquam

125 3576 182 3634 por
201 3554 297 3632 fieres,
319 3555 543 3637 mihiebiicis,
564 3580 673 3642 meque
694 3561 815 3640 ignavia
837 3563 877 3622 ab
899 3560 1084 3623 eorecedam
1107 3561 1184 3622 falso
1205 3560 1268 3620 cul·

123 3679 188 3739 pas.
253 3658 377 3720 Tertius
405 3657 533 3743 modus⁴
549 3663 701 3724 actionum
733 3657 926 3744 superiorum
958 3665 991 3724 in
1022 3667 1097 3725 haec
1124 3661 1268 3721 iuferiora
1317 3704 1320 3709 ,

123 3763 163 3822 ab
182 3781 218 3823 eo
240 3757 379 3831 doctrina
397 3781 480 3823 nona
499 3764 634 3842 positus,
665 3787 758 3848 quem
792 3774 934 3845 prestun
961 3766 1268 3839 sententionsurpas,

123 3875 234 3939 prote
255 3864 381 3927 minima
405 3867 542 3945 prohat,
575 3889 642 3928 cum
664 3870 723 3930 sub
750 3867 941 3930 distinctione
971 3883 1005 3930 ct·
1031 3883 1174 3948 tanquam
1187 3922 1191 3929 ,
1206 3864 1284 3924 εἰη).

125 3963 239 4038 gestaris
272 3979 412 4043 ponatur.
474 3968 586 4030 Nonne
606 3984 635 4032 et
656 3971 794 4052 reliquos
823 3968 1004 4045 duos,·ut›t
1033 3982 1065 4030 et
1081 3967 1268 4047 apertissima

126 4064 593 4145 coelun15pestemet·.mes·bos
618 4075 653 4134 in
682 4074 731 4135 his
762 4071 960 4134 inferioribus
988 4092 1109 4133 causare
1142 4067 1269 4132 demon·

125 4177 210 4240 strat,
222 4167 335 4229 animo
353 4190 526 4251 acceperas,
545 4175 606 4235 nisi
630 4188 728 4237 mente
742 4192 853 4237 saccus
873 4175 976 4236 oculos
995 4195 1015 4234 a
1036 4173 1164 4237 veritate
1181 4193 1269 4236 euer-

125 4264 234 4333 tissesi‘
279 4280 294 4312 ·'
337 4308 341 4313 ·
390 4306 406 4331 -,
444 4310 471 4335 ·,
527 4308 530 4317 ·
