2806 4800
664 256 737 328 117

129 459 205 502 num
224 435 369 506 reddunt.
417 440 524 518 Longe
551 439 640 502 aliter
665 441 841 521 patentibus
870 443 974 503 oculis-
992 443 1159 518 cernimus,
1186 446 1270 505 bunc

129 543 273 603 morbum
293 543 477 605 exteriorem
496 560 644 622 occupare
664 557 764 606 cutem
786 543 851 604 sine
874 543 948 604 forti
967 545 1183 624 impressione,
1212 547 1269 606 ali·

130 645 313 725 quantulum
338 642 465 727 quidem
486 646 684 723 ulcerentem,
708 644 761 708 sed
783 646 1025 726 complexionem
1045 662 1110 708 non
1133 666 1271 711 comesne.

128 743 271 824 pentem,
295 766 427 830 eumque
456 747 640 826 punctatim,
670 768 734 811 non
754 759 849 810 totam
881 759 981 809 cutem
1011 747 1269 828 comprehendere

129 845 280 910 videmus.
730 858 735 887 ¹

469 1028 580 1109 Quod
613 1053 702 1097 non.
717 1037 933 1116 plalegmou.

212 1151 279 1214 Nec
308 1151 498 1215 laboriosum
524 1166 570 1215 est
596 1155 792 1231 convincere,
828 1157 885 1219 bas
918 1158 951 1216 in
981 1157 1159 1236 corporibus
1187 1174 1269 1216 nnnc

127 1255 266 1332 pustulas
292 1253 471 1336 neutiquam
502 1253 541 1315 de
577 1255 690 1316 borum
722 1261 943 1336 apostematum
972 1277 1037 1318 esse
1067 1269 1191 1332 nature,
1228 1255 1269 1317 de

127 1356 240 1437 quibus
261 1357 424 1418 Avrcruna
446 1354 669 1418 distinctionem
689 1359 758 1422 fecit
779 1361 866 1421 tertia
889 1361 992 1440 quarti
1012 1371 1140 1420 tractatu
1155 1359 1268 1438 primo,

94 1452 96 1456 ’
126 1460 238 1538 partim
259 1457 382 1534 calidis,
403 1472 437 1521 ut
457 1461 711 1540 phlegmonibus,
742 1462 923 1540 herisipilis,
944 1462 1057 1541 partim
1074 1459 1209 1538 frigidis,
1232 1474 1267 1522 ut

126 1557 288 1637 glandulis,
306 1558 468 1641 undimiis,
489 1563 631 1641 sephiris.
673 1563 745 1624 Non
765 1565 981 1642 phlegmonsm
993 1563 1063 1644 quis
1083 1559 1171 1638 dicet,
1194 1562 1266 1642 quia

126 1682 236 1740 perum
255 1665 364 1725 saltem
384 1665 645 1744 physice·¹poterit
664 1664 838 1727 ratiocineri
859 1667 925 1727 eius
948 1663 1163 1744 inseparabilia
1190 1665 1268 1724 acci·

130 1760 352 1838 (lentim-tertio
365 1763 482 1828 decimo
503 1767 728 1847 therapeuticae
748 1769 907 1846 colligens:
928 1768 1198 1830 inflammationem
1219 1767 1268 1828 ri·

128 1859 237 1926 delicet
258 1865 386 1941 ionem,
406 1866 574 1929 nedumin
594 1873 663 1931 loco
683 1873 894 1950 apostematis,
917 1892 1027 1933 verum
1056 1873 1090 1932 in
1115 1883 1180 1932 toto
1200 1889 1268 1930 cur·

125 1985 221 2043 pore,
252 1978 288 2028 ut
314 1979 440 2047 tangens
467 1970 601 2030 calorem
628 1969 692 2030 fere
712 1973 840 2047 igneum
856 1991 948 2031 manu
970 1973 1050 2033 ferre
1076 1990 1140 2030 non
1163 1969 1268 2047 possit,

126 2086 196 2126 cum
217 2067 303 2127 febre
317 2066 452 2149 quadam
472 2069 628 2144 continua,
649 2089 718 2131 cum
734 2071 870 2132 tensione
891 2069 1025 2151 quadam
1041 2069 1192 2145 dolorosa,
1214 2089 1268 2127 ru·

125 2170 231 2230 borem
253 2167 370 2232 videbit
388 2171 612 2247 abundantem,
634 2185 786 2234 tumorem
805 2192 872 2233 cum
896 2169 1028 2257 quadam
1042 2170 1163 2243 duritie,
1183 2183 1213 2230 et
1234 2180 1268 2228 ut

126 2271 294 2350 plurimum
314 2269 440 2334 tendere
459 2270 500 2334 ad
522 2273 654 2339 saniem:
675 2293 756 2354 quae
776 2274 880 2334 omnia
902 2273 935 2332 in
955 2274 1064 2334 morbo
1084 2274 1143 2335 isto
1163 2271 1267 2331 abesse

127 2371 276 2435 videmus.
341 2424 344 2429 .
554 2382 558 2388 ’

339 2524 341 2529 ¹
388 2626 391 2631 ,
469 2555 578 2634 Quod
606 2522 921 2641 non'herieipila.

209 2680 407 2761 Herisipilem
428 2699 492 2742 esse
514 2700 605 2743 nemo
625 2694 758 2757 astruet,
776 2701 870 2763 quam
890 2694 1045 2760 apostema
1063 2677 1195 2738 dicimus
1215 2696 1267 2737 co·

124 2783 251 2845 lericnm
272 2802 312 2842 ex
331 2782 433 2842 colera
450 2781 584 2843 naturali
603 2794 741 2861 separate
758 2802 791 2840 a.
802 2783 965 2858 sanguine,
985 2780 1072 2840 anim
1092 2779 1189 2857 gratie
1215 2797 1266 2838 co·

124 2887 190 2946 lere
210 2885 280 2963 plus
301 2882 425 2944 effrenis
444 2879 680 2945 admemhrum
700 2882 829 2966 aliquod
849 2885 977 2964 expulsa
990 2881 1135 2944 ruborem
1156 2881 1267 2943 efferet

126 3006 195 3048 cum
216 2981 350 3067 quadam
371 2985 505 3046 claritate
526 2998 556 3046 et
576 2986 694 3048 intensa
713 2985 960 3048 inflammatione.
1013 2985 1077 3047 Nec
1102 2987 1187 3045 locus
1211 3005 1265 3044 ex·

124 3088 237 3150 cessive
257 3097 363 3162 tumet,
385 3083 439 3146 sed
458 3084 728 3148 modicaclev‘stiu
748 3106 817 3147 cnm
838 3084 970 3168 quadam
984 3082 1097 3144 duritie
1111 3094 1140 3142 et
1152 3083 1266 3141 rubore

124 3201 266 3270 apparet3
293 3208 350 3249 nec
369 3188 466 3248 febris
483 3186 579 3250 deest.
591 3222 605 3247 .·
621 3189 709 3250 Nihil
720 3189 841 3248 lterum
855 3189 915 3246 bic
934 3184 1110 3263 comperies.

323 3444 327 3451 .
420 3367 529 3444 Quod
556 3390 628 3441 non
656 3369 763 3450 ignis
787 3370 974 3450 persicus.

207 3493 312 3570 Quem
333 3489 502 3570 persicum,
530 3509 624 3571 quem
646 3502 676 3550 et
695 3496 813 3551 sacrum
826 3488 1161 3568 ·ignem,.cerbonem,
1189 3508 1265 3567 pru·

123 3615 194 3658 nem
222 3590 412 3655 medicorum
432 3605 535 3656 coctus
557 3593 711 3669 nominat,
729 3610 843 3670 nemo,
863 3593 924 3653 nisi
942 3605 1065 3668 temere,
1084 3593 1167 3654 bunc
1180 3608 1264 3653 ntor-

122 3701 197 3760 bum
218 3717 284 3758 esse
303 3693 400 3771 dicet,
421 3695 449 3757 si
469 3695 725 3775 peritissimorum
744 3698 852 3757 saltem
877 3691 1065 3757 medicorum
1086 3696 1174 3774 signa
1192 3715 1264 3773 per-

122 3799 265 3881 spexerit.
303 3796 385 3859 -Non
414 3797 506 3859 enim.
524 3797 705 3859 comestiuus
727 3810 788 3871 est,
815 3817 877 3858 non
899 3796 1063 3873 ebulliens,
1093 3817 1151 3856 nee
1179 3796 1264 3855 uirus

122 3904 155 3961 in
175 3923 212 3963 eo
233 3899 273 3960 ad
291 3901 446 3979 nigrorem
467 3899 590 3962 accedit.
632 3902 713 3978 lgnis
735 3901 816 3959 enim
838 3901 948 3977 persici
965 3914 1075 3961 namra
1096 3912 1153 3973 est,
1179 3898 1264 3958 carni

123 4024 155 4084 se
173 4005 367 4081 immergere,
399 4004 432 4062 in
454 4023 547 4084 quam
568 4025 600 4065 se
621 4001 807 4064 abscondens
835 4020 956 4063 carnem
975 3997 1117 4082 perinde,
1138 4011 1172 4060 ut
1191 4019 1263 4060 cau·

121 4104 248 4181 terium,
276 4105 440 4179 consumit,
471 4103 554 4164 uude
581 4090 664 4164 locus
685 4101 824 4164 redditur
844 4102 945 4179 niger,
974 4103 1145 4182 plumbeus.
1199 4102 1263 4167 Nec

123 4217 288 4279 moreest,
309 4206 385 4284 quin
406 4207 508 4266 subito
527 4207 559 4264 in
581 4207 753 4265 membrum
775 4203 938 4280 imprimat.
981 4201 1077 4264 Cuius
1099 4221 1264 4278 mitescet,

122 4306 352 4373 rossemannas
383 4302 421 4366 do
449 4305 689 4384 apostematibus
717 4317 747 4366 et
767 4306 848 4365 Rem
869 4303 979 4365 Morsu
1011 4305 1261 4384 vigesimatertia
