2806 4800
660 231 709 303 ll

122 437 186 486 tum
210 433 324 484 motum
345 439 459 482 eorum.
502 419 608 481 Coitus
628 439 703 481 vero
724 436 829 480 cortun
852 428 897 478 est
918 412 1126 497 quadruplex3
1148 420 1247 480 maxi·

123 536 206 602 mets,
231 527 285 608 qui
306 537 349 586 est
370 524 462 585 trium
478 523 701 585 nominatorum
728 523 933 601 planetarum,
966 519 1173 604 significatque
1199 544 1247 587 res

122 630 268 690 maximos
288 629 480 709 maximeque
509 623 670 688 mirandas.
723 626 860 688 Serenus
888 636 987 685 tamen
1015 639 1044 687 et
1063 627 1147 688 tons
1176 648 1249 688 con·

105 724 241 811 'gressus
269 731 444 811 simpliciter
471 727 582 791 dicitur
608 728 775 804 maximus,
808 728 948 809 quotiens
969 725 1007 789 -fit
1035 729 1066 788 in
1095 731 1247 810 principio

123 835 239 909 arietis,
260 847 385 914 propter
404 833 579 909 effectuum,
600 853 677 915 qnos
697 831 851 910 significat,
872 829 1120 909 magnitudinem.
1164 832 1249 909 Quo·

123 935 214 998 modo
247 949 346 999 autem
382 935 567 1020 quadrifarie
603 935 733 1016 partitur
760 935 834 995 haec
865 934 1051 1012 coniunctio,
1089 956 1249 1020 exsequar.
1274 971 1279 978 ·

123 1041 199 1102 Nam
223 1040 386 1103 Ssrvnuvs
405 1053 435 1102 et
454 1042 573 1102 lurrrsn
602 1040 634 1100 in
656 1033 875 1118 XX.'quoque
901 1056 981 1099 auno
1010 1042 1102 1101 semel
1122 1042 1249 1102 coniun-

123 1155 250 1222 guntur,
268 1155 297 1205 et
317 1145 394 1204 hanc
413 1145 566 1225 appellant
587 1147 800 1204 coniunctionem
827 1146 975 1217 minorem,
1004 1144 1127 1206 Ivnrsn
1151 1147 1248 1228 siqui-

123 1245 191 1308 dem
212 1245 326 1326 petiicit
355 1266 476 1306 cursum
504 1266 594 1308 suum
621 1245 654 1306 in
676 1239 823 1304 duodenis
853 1244 956 1321 annis,
990 1266 1148 1312 strenuus
1176 1271 1249 1325 vesp

122 1351 155 1411 in
166 1349 287 1412 vicenis.
330 1346 418 1411 Unde
427 1347 471 1424 fit,
492 1361 526 1410 ut
540 1347 843 1428 postvicenosannos
862 1346 1094 1426 congrediantur
1113 1352 1151 1412 in·
1166 1373 1249 1416 nono
1335 1400 1337 1405 .

123 1452 209 1532 signo
229 1453 267 1512 ab
290 1471 340 1529 eo,
362 1451 395 1511 in
419 1471 481 1534 quo
501 1451 586 1531 prius
607 1449 700 1511 iuncti
720 1449 848 1511 fuerant.
901 1451 1050 1534 Deinceps
1078 1468 1148 1535 post
1173 1457 1250 1517 alios

123 1557 243 1618 vicenos
264 1555 295 1616 in
316 1556 423 1638 quinto
445 1577 463 1615 a
485 1555 594 1636 primo,
616 1567 644 1615 et
665 1565 733 1633 post
752 1551 855 1614 tertios
873 1574 968 1617 annos
986 1557 1107 1620 vicenos
1126 1580 1249 1620 russum

124 1673 231 1721 coeunt
242 1660 281 1720 ‘in
293 1646 392 1738 prime
413 1658 508 1736 signo.
552 1657 589 1718 Et
600 1657 681 1717 hunc
691 1663 790 1717 coitum
806 1659 1020 1721 solentvocare
1031 1684 1172 1739 magnum,
1194 1663 1249 1744 qui

125 1763 280 1840 coniungit
296 1763 327 1822 iu
347 1759 503 1839 sexagenis
520 1760 620 1835 annis,
649 1757 818 1842 diciturque
840 1759 1004 1838 significare
1025 1765 1139 1845 pluries
1158 1779 1250 1844 sn'per

124 1864 365 1927 sublimationem
394 1885 499 1943 regum
528 1877 557 1926 ct
584 1876 759 1944 potentum,
795 1885 887 1944 super
921 1885 1046 1950 quoque
1074 1870 1251 1947 gravitatem

124 1989 260 2030 annonas
280 1981 309 2030 et
330 1956 546 2029 ortus'vatum.
600 1968 798 2049 Posteaquam
819 1967 923 2050 itaque
944 1970 976 2029 in
999 1972 1056 2032 ista
1079 1973 1250 2051 triplicitate

123 2073 231 2135 tollens
250 2070 344 2132 iuncti
364 2070 493 2146 luerint,
526 2068 617 2131 ulad
651 2070 741 2130 aliam
761 2070 891 2149 migrent
919 2086 1099 2155 coeantque,
1125 2087 1250 2134 vocatur

123 2197 283 2253 congressus
304 2179 403 2248 maior,
427 2174 482 2254 qui
502 2170 535 2232 fit
554 2173 587 2231 in
608 2169 741 2235 ducentis
762 2186 790 2235 et
812 2173 1010 2256 quadragenis
1031 2176 1133 2253 annis,
1151 2177 1248 2255 signi·

122 2278 249 2359 ficatque
270 2297 361 2355 super
386 2275 583 2336 mutationem
604 2288 698 2336 sectae
724 2277 757 2335 in
783 2279 937 2360 aliquibus
961 2279 1145 2357 regionibus.
1187 2277 1250 2342 Sed

125 2401 221 2463 quum
242 2380 298 2440 ista
319 2377 457 2456 migratio
485 2375 519 2437 fit
540 2373 577 2436 ds
597 2396 657 2437 una
677 2378 848 2459 triplicitate
868 2383 901 2443 in
922 2381 1029 2460 aliam,
1059 2395 1093 2444 ut
1115 2381 1153 2445 de
1173 2385 1251 2444 calce
1278 2397 1281 2404 '

124 2480 221 2547 cancri
241 2484 273 2544 in
293 2481 476 2564 principium
497 2479 614 2555 arietis,
644 2477 765 2543 demum
787 2483 898 2548 dicitur
919 2509 1078 2565 congressus
1101 2493 1251 2562 monimus,

123 2600 248 2670 propter
275 2584 496 2647 revolutionem
517 2581 650 2645 Snrvunr
678 2586 801 2665 trigenis
831 2603 860 2651 et
889 2591 967 2652 binis
996 2578 1127 2667 vicibus,
1155 2589 1250 2672 fitque

124 2694 158 2754 in
179 2690 372 2770 noningentis
393 2687 567 2770 quibusque
587 2688 673 2749 anuis
695 2702 724 2752 et
745 2694 912 2771 sexagenis,
932 2693 1138 2776 significatque
1159 2713 1250 2773 super

125 2795 321 2858 mutationem
349 2789 547 2871 imperiorum
568 2802 660 2872 atque
687 2813 849 2872 regnorum
880 2815 1035 2878 superque
1065 2796 1173 2876 ignitas
1193 2795 1250 2855 im-

124 2897 292 2980 pressiones
313 2895 344 2955 in
366 2903 450 2968 nere,
481 2889 632 2954 diluvium
666 2907 694 2956 et
716 2908 813 2958 terres
835 2909 969 2975 motum,
1000 2920 1092 2977 super
1121 2900 1252 2979 gravita-

125 3013 186 3064 tem
209 3011 362 3080 postremo
380 3015 525 3058 annones.
576 2996 696 3059 Primus
717 2997 810 3076 igitur
833 2999 926 3060 coitus
949 3001 1099 3063 struximus
1120 3021 1252 3064 sarritur
1313 3006 1319 3021 '

126 3106 260 3168 etloum
282 3102 314 3169 itt
340 3100 490 3184 principio
512 3099 631 3176 arietis,
661 3097 825 3162 secundum
855 3120 1044 3165 counnuuem
1077 3105 1253 3186 opinionem

125 3208 424 3291 calculationsmque,
454 3223 515 3265 non
543 3201 706 3284 praecisum
737 3215 766 3266 et
800 3202 1015 3289 adaequatum,
1050 3204 1102 3271 ssd
1135 3208 1254 3271 veritati

126 3313 347 3397 propinquum,
377 3309 433 3371 luit
465 3325 545 3369 anno
573 3327 592 3368 n
622 3306 771 3388 principio
796 3307 902 3372 rtttntdi
930 3311 1132 3385 tricentesimo
1152 3325 1182 3374 et
1208 3311 1254 3374 vi·

126 3435 216 3492 cen03
238 3410 321 3497 quod
343 3411 535 3474 confirmatur
555 3428 610 3489 per
637 3429 811 3490 congressus
833 3413 982 3491 minores,
1013 3424 1145 3498 quorum
1174 3416 1256 3476 seni·

127 3515 199 3581 deni
219 3517 373 3579 lluxsrunt
393 3535 409 3573 s
432 3509 538 3574 mundi
558 3511 675 3591 urigine
697 3534 793 3597 usquo
814 3513 851 3578 nd
874 3519 955 3580 bunc
975 3520 1162 3597 planetarum
1182 3532 1254 3570 con·
1320 3511 1322 3513 ’

128 3633 251 3686 ventum
273 3617 458 3690 maximum,
490 3612 546 3697 qui
569 3614 624 3676 bos
653 3616 793 3680 tricentos
826 3632 854 3681 et
883 3620 1001 3680 vicenos
1029 3615 1182 3674 continent
1200 3633 1254 3672 an·

128 3742 201 3800 nos,
236 3721 379 3806 qtronism
411 3715 620 3802 ttnusquisque
646 3719 791 3800 contingit
819 3721 851 3780 in
879 3717 989 3780 vicenis
1016 3714 1120 3775 annis·
1167 3713 1253 3776 Adii·

129 3825 344 3890 ciendoautam
365 3819 545 3886 antedictum
567 3823 679 3886 coitum
701 3824 878 3895 maximum,
900 3818 1097 3895 noningentos
1119 3831 1149 3880 et
1166 3839 1253 3881 sexa·

132 3950 223 4009 genos
244 3947 355 4004 nttnot,
376 3927 472 3989 sliluit
492 3926 655 4004 secundus,
677 3928 731 4008 qni
752 3925 809 3984 init
828 3941 908 3981 anno
933 3917 1039 3981 mundi
1060 3921 1152 3995 1280,
1176 3941 1253 4005 quo·

132 4034 229 4108 niam,
259 4045 291 4096 ut
312 4029 424 4096 dictum
445 4044 504 4109 ost,
534 4030 640 4095 eccidit
667 4045 786 4105 semper
805 4024 837 4085 iu
859 4022 1050 4106 ttoulngontit
1079 4035 1109 4086 ot
1131 4044 1254 4105 sexage-

135 4135 181 4197 nis
200 4137 295 4198 nnnis.
343 4138 574 4220 Pressupposito
594 4135 687 4214 igitur
706 4126 896 4209 itionum,
925 4146 980 4211 ptr
1003 4122 1187 4193 stltlitionsut
1208 4131 1256 4191 iu·

136 4237 484 4321 gitenuoningantorum
511 4255 539 4302 et
567 4249 785 4316 sexagenorum
804 4248 954 4296 mutorum
984 4246 1123 4296 sutsuant
1153 4254 1256 4296 omnies

136 4343 256 4427 reliqui.
308 4346 430 4408 'lortius
451 4366 609 4423 reingressus
629 4340 761 4404 Surunm
794 4346 821 4397 et
844 4334 928 4397 tuus
951 4341 1090 4398 monitans
1113 4336 1144 4395 in
1165 4334 1258 4394 ariete
