2806 4800
225 898 463 973 Prusensium
500 895 648 966 loserm
684 891 1150 981 sacramentarium,

136 1023 172 1093 in
198 1020 461 1117 mentulagram,
482 1013 640 1088 morbum
663 1010 821 1083 rabidum
833 1013 1101 1112 ,superioribus
1121 1014 1264 1089 saeculis

209 1154 212 1159 ’
256 1146 269 1158 ’
541 1131 822 1233 incognitum.

201 1370 271 1410 uum
294 1342 410 1411 'e'riactis
408 1342 613 1426 tempombus
624 1344 662 1404 ab
685 1344 826 1405 omnibus
847 1339 955 1402 mundi
975 1344 1096 1437 angulis
1118 1336 1264 1428 quasdam

130 1446 294 1514 horribiles
319 1435 499 1513 calamitates
524 1463 552 1511 et
579 1447 756 1510 alllictioues
777 1446 952 1526 obstrepere
975 1432 1160 1532 multaque
1150 1471 1265 1513 lucont-

133 1555 221 1617 moda
253 1559 389 1617 humano
421 1540 524 1649 generi
544 1538 668 1612 iulerre
697 1548 780 1627 vidi,
812 1551 892 1611 inter
923 1552 1034 1612 ceteras
1064 1552 1199 1639 obrepsit
1225 1555 1265 1614 ab

131 1648 351 1720 occidentali'
327 1679 410 1731 sinu,
441 1643 548 1734 gallico
569 1664 678 1728 tractu,
711 1646 865 1714 cuiusdam
892 1638 1075 1714 iblirmitatis
1096 1667 1265 1754 tempestas,

129 1760 207 1820 adeo
229 1783 325 1835 saeva,
350 1772 416 1819 atra
437 1771 465 1818 et
487 1756 585 1832 foeda,
608 1755 692 1838 quod
714 1779 748 1817 ea
769 1756 848 1816 nihil
870 1777 1031 1841 qumquam
1043 1758 1183 1835 atrocius,
1203 1773 1265 1821 ter·

130 1862 253 1922 ribilius
272 1873 302 1920 et
323 1857 474 1920 sordidius
495 1861 527 1918 in
540 1861 713 1919 mortalium
733 1848 858 1936 regione
868 1859 969 1919 visum
980 1861 1028 1921 vel
1048 1859 1187 1923 auditum
1209 1876 1265 1925 est.

131 1962 262 2042 Collegit
282 1974 382 2023 autem
399 1949 445 2022 'se'
457 1961 557 2040 primo
583 1982 674 2040 super
696 1960 866 2020 Insubriam
891 1959 986 2020 instar
1003 1962 1186 2042 procellosae
1208 1950 1266 2022 nu-

128 2067 179 2126 bi's
200 2066 232 2124 in
253 2067 406 2142 ingentem
417 2083 573 2138 acervum,
595 2058 704 2122 deinde
724 2080 781 2140 per
801 2081 943 2141 magnum
963 2063 1039 2122 coeli
1055 2064 1196 2142 spatium,
1220 2079 1267 2126 to-

129 2182 192 2230 tam
204 2169 352 2248 Ligurum
373 2167 571 2246 provinciam,
591 2167 623 2227 vi
644 2156 806 2224 'ventorum
825 2184 926 2242 sparsa
948 2162 1102 2245 horridam
1126 2180 1155 2226 et
1174 2171 1266 2246 pesti·

133 2275 226 2333 leram
250 2272 358 2333 veneni
381 2264 541 2350 procellam
567 2269 676 2348 passim
698 2268 731 2326 iis
753 2268 910 2328 Gallorum
941 2268 1089 2328 exercitus
1111 2268 1201 2351 (quos
1222 2272 1266 2332 ibi

131 2376 209 2436 forte
230 2373 367 2448 Canum,
392 2380 497 2432 eorum
518 2372 615 2449 regis,
643 2369 769 2452 ambitio
792 2382 821 2453 et
842 2368 944 2430 ltaliae
965 2367 1149 2448 subigendae
1168 2373 1266 2436 libido

132 2471 358 2560 conscripserat)
381 2469 522 2535 deorsum
546 2474 625 2552 egit,
654 2474 894 2555 nonnullosque·
913 2474 1023 2535 milites
1055 2485 1085 2534 et
1115 2477 1179 2538 eius
1208 2478 1265 2541 loci

131 2581 245 2640 accolas
281 2589 364 2638 tanta
392 2573 543 2657 foeditatis
576 2587 605 2636 et
632 2573 803 2655 putredinis
832 2577 1003 2661 colluuione
1030 2576 1181 2657 tantisque
1211 2577 1266 2638 do·

130 2683 231 2742 lorum
253 2676 613 2759 cruciatibuspercussit,
643 2690 772 2761 quantos
792 2679 926 2738 ltumana
951 2674 1055 2756 lingua
1077 2676 1267 2759 baudiacile

131 2783 233 2846 verbis
254 2781 398 2868 consequi
418 2794 525 2861 potest.
579 2777 659 2840 Hinc
679 2781 802 2841 iniectio
823 2777 1013 2863 (contagione
1034 2777 1124 2864 duce)¹
1143 2800 1199 2861 per
1220 2796 1266 2844 tu·

129 2901 191 2948 tam
217 2885 373 2964 Liguriam
393 2880 564 2966 ceterasque
583 2882 686 2944 Italiae
707 2905 791 2959 oras,
823 2885 1014 2946 Germaniam
1039 2899 1068 2946 et
1088 2884 1266 2967 Hispaniam

129 3002 158 3048 et
183 3007 286 3048 omnes
314 2985 422 3047 mundi
450 2983 562 3066 partes
582 2999 734 3065 grassata,
765 2988 934 3067 humanum
963 3008 1057 3067 genus
1087 2987 1211 3048 mirum'
1234 2990 1265 3048 ib

127 3087 255 3152 modum
278 3089 388 3150 afflixit
417 3101 447 3149 et
468 3086 560 3149 h'odie
584 3086 734 3149 dirissime
762 3090 922 3169 excruciat.
948 3088 1072 3166 ‘Quum
1094 3093 1187 3172 igitur
1208 3094 1267 3152 lto·

126 3194 225 3254 mines
243 3187 302 3251 'hac
323 3172 389 3250 dira
410 3192 546 3270 ‘pernicie
567 3204 629 3250 tam
651 3190 760 3250 misere
789 3191 961 3250 laborantes
983 3192 1105 3270 aspexi,
1133 3208 1160 3255 et
1183 3195 1267 3255 nttlla

126 3278 328 3356 adertiratione
349 3293 505 3352 insolitum
526 3290 703 3371 prodigium
728 3292 799 3353 satis
820 3293 975 3372 complecti
993 3297 1097 3373 potui,
1126 3300 1266 3380 percupi-

129 3397 188 3456 dus
207 3389 403 3471 cognoscendi
424 3394 497 3452 novi
519 3394 591 3452 mali
614 3394 771 3472 originem,
793 3395 855 3456 scil.
880 3390 942 3478 quo
962 3418 978 3458 e
1001 3399 1084 3460 fonte
1108 3406 1266 3480 emanarit,

127 3501 296 3563 deorumne
317 3495 659 3578 dispositio,'s'tellarum
682 3520 770 3580 opus,
792 3498 922 3564 latorum
936 3502 1127 3586 machinatio,
1149 3520 1186 3565 an
1203 3509 1266 3570 lor·
1320 3553 1324 3572 ,

79 3657 81 3661 ,
124 3620 218 3668 tunae
237 3596 407 3684 ludibrium
429 3590 585 3676 existeret,
607 3622 641 3663 ac
660 3602 767 3680 eliam,
799 3626 878 3688 qtrae
901 3607 1087 3668 eiusnatura
1111 3606 1205 3688 soret,
1237 3627 1266 3674 et

124 3727 189 3790 quo
212 3705 334 3766 nomine
356 3706 520 3786 appellari,
549 3708 712 3791 atquibus
743 3707 948 3772 remediorum
971 3714 1135 3775 virtutibus
1158 3717 1266 3796 repelli

124 3820 241 3891 posset,
265 3804 381 3870 nullam
399 3810 556 3872 laboribus
578 3812 653 3873 meis
676 3813 809 3894 quietem
830 3814 910 3892 dedi,
934 3810 1265 3882 cumastr'onomorum

124 3912 289 3974 rationaria
319 3910 356 3972 de
382 3915 572 3992 planetarum
607 3919 815 3995 congressibus
848 3906 1027 3996 scrutando,
1055 3936 1120 3984 tum
1141 3932 1264 3982 naturae

131 4027 240 4074 secreta
262 4034 475 4098 sacrarumque
504 4016 675 4081 litterarum
695 4020 837 4100 mysteria
858 4016 1065 4103 exqttirendo,
1094 4022 1189 4085 donec
1208 4027 1264 4084 ali-

125 4119 248 4200 qualem
272 4112 309 4175 de
330 4116 379 4176 his
400 4119 492 4180 rebus
514 4121 653 4180 notitiam
676 4132 704 4184 et
726 4121 1065 4204 intelligentiam'attigi,
1084 4139 1177 4210 atque
1192 4126 1264 4187 inde

123 4217 313 4280 conscribens
335 4216 367 4274 in
387 4219 526 4281 libellum
549 4220 649 4303 (cuius
669 4224 776 4286 titulus
799 4239 843 4288 est
862 4223 899 4286 de
921 4227 1002 4286 malo
1023 4220 1166 4311 francico)
1192 4252 1257 4290 con·

123 4321 210 4400 gessi.
253 4318 370 4377 Verum
390 4319 514 4398 quidem
540 4342 636 4403 quum
660 4328 765 4406 patdlo
785 4344 854 4409 post
873 4331 1056 4409 Augustensi
1082 4334 1114 4394 in
1131 4332 1261 4413 'oppido

907 4447 948 4506 4*
