2806 4800
686 216 734 287 69·

136 400 311 465 drachmam
333 399 424 464 ttttattt
450 416 481 465 et·
500 399 674 465 dimidiam:
697 401 832 466 conficiat
850 402 972 482 triginta
995 405 1124 485 pilulas,
1149 409 1187 472 de
1208 413 1278 494 qut-

136 507 193 568 bus
214 507 343 584 tiugnlis
354 505 541 584 septimanis,
561 505 588 566 si
606 508 694 568 alvers
716 505 976 580 lacilsobedierit',
997 506 1125 573 devoret
1143 525 1277 595 septem,

135 609 161 669 si
189 610 332 688 pertinax
355 611 510 672 lunariter
530 607 693 672 difficulter
715 609 919 687 dissolubilis,
942 629 1053 674 novem
1067 618 1115 677 rel
1128 615 1275 681 undecim.

135 712 199 775 Ubi
227 712 364 791 prolecto
391 733 442 775 eas
455 748 457 753 -
470 712 552 792 ipsas
581 710 747 776 medicinas
773 711 1021 775 hebdomadatim
1054 713 1103 799 (ut
1127 715 1207 803 dixi)
1237 718 1276 782 ad

135 809 287 876 duos'vel
309 810 506 876 nes-menses
527 811 765 893 continuaverit,
793 817 954 878 observato
974 828 1076 879 tamen
1097 820 1178 883 alias
1193 821 1276 883 bono

136 917 219 978 vitas
230 915 389 994 regimine,
409 937 429 978 a
447 934 532 978 msto
542 928 574 978 et
586 936 698 979 venere
710 917 927 1001 superflueque
940 923 1166 998 comessatione,
1187 943 1275 1003 prae·

135 1018 237 1081 sertim
267 1019 426 1100 piscium,:
441 1021 614 1099 fructuum,
643 1023 780 1084 carnium
809 1021 1024 1100 humidorum,
1056 1038 1089 1087 ut
1111 1039 1182 1088 sunt
1202 1046 1275 1105 por·

134 1139 255 1198 corum,
273 1117 441 1200 agnorum,
473 1134 638 1184 castrorum
649 1164 658 1200 ,
674 1123 825 1185 omnium
852 1125 1059 1205 aquaticarum
1080 1126 1185 1189 svium
1206 1129 1275 1189 abs·

132 1224 276 1303 tinendo,
304 1227 398 1307 pullis
418 1223 567 1288 duntaxat
588 1227 788 1305 gallinarum,
815 1226 942 1303 vitellis,
970 1225 1096 1304 hoedis,
1124 1229 1275 1308 capriolis,

131 1326 249 1407 turdis,
269 1327 461 1408 perdicibus,
491 1328 618 1404 insanis,
639 1329 750 1409 alpinis
771 1328 897 1390 avinrlis
917 1341 1011 1406 aceto,
1031 1343 1167 1412 agresta,
1186 1350 1275 1394 strcco

131 1432 299 1509 limorum,
331 1445 527 1512 granatorum
550 1436 602 1494 aiu
617 1433 833 1495 ⁴‘aurantiorum
857 1431 1005 1509 conditis,
1025 1433 1099 1495 vino
1128 1455 1208 1516 aqua
1236 1433 1274 1497 de

131 1535 218 1595 hiato
241 1547 349 1596 terras
371 1536 486 1612 mixto,
514 1533 683 1618 aliquando
708 1557 781 1598 sero
803 1536 928 1616 caprino
957 1556 1033 1597 cum
1059 1537 1214 1598 absinthio
1244 1548 1274 1599 et

129 1637 218 1697 frumo
240 1650 336 1700 terrae
358 1636 496 1715 utendo,
516 1659 592 1700 >cum
616 1640 754 1718 gloriosa
771 1638 907 1701 'victoria
939 1652 1044 1701 contra
1076 1636 1273 1700 deterrimum

131 1738 288 1799 inimicum
309 1738 348 1800 ad
366 1741 505 1819 ⁴optimas
524 1739 708 1803 valetudinis
728 1753 853 1821 portum
873 1739 1012 1804 redibit:
1049 1740 1103 1804 Sin
1134 1744 1275 1823 pusttdae

131 1852 260 1919 propter
278 1844 449 1921 grossitiem
470 1844 592 1921 lougius
612 1843 646 1902 in
667 1863 795 1923 corpore
817 1845 1018 1922 perstiterim,
1039 1845 1156 1906 balneis
1177 1845 1275 1907 exsic-

130 1945 285 2020 cantibus,
306 1956 446 2025 permoto
464 1933 552 2024 prius
571 1941 684 2007 sudore
705 1959 760 2024 per
782 1945 1019 2008 mithridaticum
1037 1946 1207 2010 antidotum
1225 1951 1275 2009 vel

129 2048 313 2124 theriacam,
335 2069 417 2129 quae
436 2046 700 2140 sobrie'quinquc
733 2048 823 2108 horis
845 2060 915 2109 ante
945 2050 977 2108 in
993 2051 1083 2112 *rino
1102 2071 1183 2131 aqua
1203 2070 1275 2130 per·

128 2149 228 2210 nsixto
248 2149 329 2211 sumi
350 2149 458 2226 debet,
477 2150 701 2228 abstergantur.
742 2150 777 2212 Si
799 2149 873 2212 r'ero
893 2150 999 2229 dolor,
1011 2151 1161 2215 iuncturis
1178 2173 1275 2216 mem-

90 2288 101 2298 ⁴
129 2253 258 2313 brorum
278 2249 431 2328 insidens,
462 2251 560 2332 quieti
588 2250 783 2312 turbationes
804 2251 959 2328 intulerit,
988 2253 1190 2333 perfricsntur
1219 2254 1273 2318 do·

130 2355 223 2423 lentis
243 2353 380 2414 membra
401 2353 508 2414 crebro
538 2348 622 2432 apud
642 2347 770 2412 calidam
803 2351 956 2414 fornacem
986 2355 1135 2418 calefactis
1161 2345 1273 2434 linteis,

132 2460 183 2521 vel
202 2457 340 2519 illinatur
366 2458 426 2518 hoc
457 2469 668 2538 ttngttentum:
697 2468 858 2518 sumantur
877 2457 1006 2533 salviae,
1027 2457 1109 2521 ireos
1116 2501 1126 2530 ‚
1153 2461 1273 2523 batoni-

131 2582 191 2637 oae,
212 2561 297 2624 hircis
320 2559 466 2642 cypressi,
488 2559 633 2635 masticis,
647 2559 895 2641 ‘uniuscuiusque
916 2556 997 2619 duae
1015 2551 1195 2639 drachmae,
1216 2586 1273 2624 un·

130 2665 235 2744 guenti
254 2662 442 2745 martiatonis
456 2663 547 2724 uncia
564 2682 643 2739 una,
663 2663 852 2725 tarbeutinae
870 2665 964 2739 lotas,
983 2663 1180 2745 pinguedinis
1188 2668 1274 2745 tansi,

129 2752 319 2846 singularum
342 2752 588 2842 unciadimidis,
608 2765 670 2826 olei
693 2765 829 2846 vulpini,
850 2764 912 2826 olei
931 2763 970 2826 ds
990 2778 1072 2828 costo
1094 2787 1129 2827 ac
1149 2768 1273 2831 chamo·

118 2871 251 2944 millae,
290 2862 534 2949 uniuscuiusque
561 2866 651 2927 tracia
677 2885 756 2941 una,
789 2863 901 2943 bdelli,
933 2870 1136 2948 opoponacis,
1165 2872 1272 2932 unius-

130 2972 278 3056 cuiusque
300 2978 362 3032 trus
383 2969 538 3046 drachma,
558 2970 637 3032 croci
649 2967 794 3031 drachma
815 2966 952 3046 dimidia,
972 2974 1118 3051 myrrhae
1136 2975 1274 3050 scrupuli

130 3073 211 3152 dtto,
241 3096 327 3139 cerae
353 3075 462 3140 viridis
485 3090 636 3158 quantum
657 3075 778 3136 sufficit.
817 3075 914 3135 Haec
932 3075 1069 3135 irrrrnctio
1096 3071 1195 3133 indies
1215 3074 1272 3148 bis,

129 3200 218 3241 mans
247 3192 283 3242 et⁴
305 3181 442 3261 vesperI,
471 3167 622 3242 celebrata
652 3175 772 3237 sedabit
797 3187 896 3236 totum
910 3216 912 3220 ,
926 3173 1068 3234 dolorum
1095 3175 1272 3250 tumultum,
1306 3162 1310 3172 ’

128 3282 381 3344 nisi·corrosivus
400 3283 525 3355 humor,
548 3279 604 3360 qni
625 3277 731 3356 perillo
743 3274 1043 3354 antepossessionem
1062 3277 1270 3336 iuncturarum

129 3383 275 3463 capessit,
294 3373 368 3442 inde
387 3401 550 3461 emrmpens
568 3399 689 3443 carnem
705 3389 736 3440 et
751 3390 851 3440 cutem
872 3375 968 3437 nimia
984 3378 1113 3442 nouitate
1124 3398 1179 3440 sua
1199 3399 1270 3459 per·

128 3484 240 3548 foderit
254 3483 419 3566 omniaque
437 3483 537 3546 νίοἰηα
549 3476 615 3546 loos
626 3479 789 3544 corrodens
799 3477 998 3542 ossanudare
1009 3484 1152 3562 coeperit.
1187 3485 1270 3546 Tum

79 3665 84 3677 „
127 3593 193 3652 eius
205 3589 328 3652 acttitati
338 3573 587 3668 infrigidantibus
604 3599 635 3650 et
650 3585 872 3648 exsiccantibus
883 3588 1054 3666 emplastris
1069 3585 1271 3649 resistendum

124 3705 181 3757 est.
223 3691 421 3771 Recipiantur
439 3687 519 3751 duae
540 3688 657 3754 unciae,
668 3707 807 3763 cerussa,
835 3687 967 3766 litargiri
995 3689 1063 3748 auri
1092 3700 1122 3749 et
1143 3677 1271 3765 argenti,

75 3824 81 3834 ’
127 3795 368 3876 uniuscuiusque
390 3791 534 3855 drachma
554 3814 616 3856 tina
634 3804 664 3854 at
686 3790 825 3868 dimidia,
845 3792 992 3868 masticis,
1011 3790 1270 3867 olibani,*singu·

126 3898 227 3958 lorum
249 3898 338 3958 uncia
359 3916 431 3973 arna,
450 3897 569 3958 resinae
590 3895 657 3975 pini
677 3905 739 3956 tres
760 3890 932 3971 drachmae,
954 3895 1098 3956 aluminis
1119 3892 1270 3954 combusti

127 3998 206 4061 dirae
227 4001 343 4076 unciae,
364 4000 443 4062 atroci
462 4002 612 4061 rnalorum
635 3996 817 4058 citoniorum
832 3999 920 4057 uncia
937 3992 1166 4070 rrnaet'media,
1185 4013 1270 4054 cerne

126 4101 224 4173 albae,
246 4104 305 4163 ulei
324 4104 432 4177 olivae,
454 4112 604 4183 wantum
625 4093 746 4178 pondus
756 4099 896 4181 requirit.
928 4099 1061 4159 ‘Nullum
1078 4099 1136 4159 erit
1157 4096 1270 4158 viduus

123 4216 189 4264 tam
201 4202 339 4279 amplum
348 4205 396 4262 rel
404 4205 510 4278 altum,
522 4197 606 4282 quod
617 4219 654 4261 so
665 4214 822 4279 unguento
832 4216 894 4261 non
902 4196 1116 4261 consolidetur.
1137 4194 1269 4258 Carnem

127 4314 207 4365 certe
228 4301 408 4364 instaurabit
429 4317 458 4364 et
475 4302 622 4379 membra,
642 4304 902 4383 quusexulceruts
913 4301 1040 4375 luerunt,
1058 4297 1096 4360 sd
1107 4299 1269 4379 pristinum
