2806 4800
667 215 740 291 124

125 401 305 479 portionalis
325 400 366 462 eit
384 402 498 482 lapsus,
518 421 588 464 cum
609 399 797 465 advertentis
813 420 961 492 uenarum
975 400 1165 481 amplarum:
1188 421 1273 483 quae

124 502 152 563 si
172 502 254 564 visae
273 503 388 566 fuerint
408 515 573 579 tumentes,
602 522 671 563 cum
700 503 770 563 aliis
789 499 915 564 adiectis
944 501 1187 578 conditionibus,
1217 502 1275 565 fiat

125 623 165 664 ox
198 625 290 680 vena,
319 626 414 687 quarn
443 625 632 687 purpuream
660 626 714 669 seu
748 603 881 669 mediam
907 603 1057 682 dicimus,
1096 618 1272 686 competens

124 706 348 785 phlebotomia,
377 726 439 768 non
461 719 576 784 tamen,
605 720 640 770 ut
661 704 788 790 quidam
810 708 890 768 male
911 708 1089 784 aestimant,
1109 729 1211 790 usque
1228 707 1272 770 ad

123 807 355 888 lipotbymiam,
377 828 417 867 ex
438 827 492 884 eo,
510 809 585 889 quia
606 809 732 870 morbus
751 829 815 871 non
836 805 1057 884 adeoacutus,
1082 807 1157 871 dans
1177 807 1272 872 indu·

124 911 194 973 cias.
237 908 414 971 Minutione
435 911 591 989 sanguinis
614 911 764 973 celebrata
793 908 904 973 dantur
924 913 1103 989 sanguinem
1124 908 1271 972 mundifi-

125 1010 237 1084 cantia,
268 1009 349 1072 inter
390 1032 470 1092 quae
507 1013 678 1092 plurimum
714 1015 794 1076 valet
828 1034 910 1094 aqua
937 1015 1041 1088 lactis,
1080 1013 1143 1074 niei
1169 1014 1270 1076 muna

123 1126 320 1195 praeceptum
333 1115 494 1179 bumo'rale
509 1115 685 1195 usperiluat,
709 1135 774 1198 qno
792 1116 960 1178 invitamur
969 1113 1007 1176 ad
1024 1115 1145 1176 fumum
1161 1122 1272 1192 terrae,

124 1230 271 1299 tanquam
289 1216 469 1281 medicinam
488 1219 654 1296 leviorem,
682 1216 806 1281 tandem
827 1217 871 1280 ad.
888 1220 962 1282 lolia
983 1241 1113 1298 sannae,
1133 1219 1175 1282 in'
1188 1240 1272 1304 aqna

124 1320 209 1383 lactis
233 1331 331 1394 cocta,
352 1330 422 1381 cum
440 1318 633 1383 admixtione
653 1310 815 1402 epithymi.
860 1321 894 1383 st
916 1323 1042 1385 fortasse
1062 1321 1273 1384 inobedientia

124 1424 291 1483 humorum
311 1419 378 1481 visa
397 1419 451 1496 sit,
470 1421 689 1483 confectionem
700 1423 837 1484 Hamech
860 1425 1179 1513 nonabhorrebimus,
1200 1444 1271 1485 cum

125 1520 364 1600 diapboenicone
391 1521 425 1582 in
463 1542 541 1585 sexu
575 1525 722 1587 muliebri
750 1526 799 1589 vel
834 1526 1037 1606 phlegmatica
1075 1523 1271 1596 habitudine.

124 1622 272 1704 Styptica,
293 1621 456 1685 mediocria
468 1623 606 1711 quidem,
626 1639 662 1688 ut
673 1647 737 1690 esse
756 1628 853 1708 possit
864 1624 998 1692 decoctio
1012 1651 1052 1691 ex
1066 1631 1144 1692 rosis
1155 1631 1272 1706 rubeis,

124 1730 238 1790 semina
256 1740 385 1803 acetoso,
405 1727 521 1790 semine
541 1731 736 1810 portulacae,
755 1753 825 1794 cum
844 1729 1002 1795 additione
1022 1730 1141 1796 modica
1157 1728 1273 1810 spodii,

124 1829 259 1904 samuch,
279 1829 510 1905 balaustiarum,
532 1829 690 1910 indubiae,
710 1834 793 1898 bona
809 1849 909 1901 tamen
925 1835 1064 1898 cautione
1081 1831 1273 1914 prodessent,

123 1929 151 1989 si
178 1928 331 1993 sufficiens
353 1931 445 1994 fuerit
465 1936 633 2012 praemissa
655 1941 829 2005 evacuatio:
859 1940 933 2002 alias
953 1957 1157 2016 nequaquam.

475 2117 602 2186 Curae
628 2122 757 2197 modus
785 2109 918 2175 breuis·
948 2156 961 2163 .,
1014 2152 1016 2157 -

210 2234 245 2297 Si
273 2241 467 2318 pustularum
496 2235 688 2314 aliquantula
717 2229 780 2289 visa
800 2223 840 2285 sit
869 2224 1049 2302 apparentia
1081 2247 1138 2306 per
1163 2243 1264 2292 cutem

124 2355 247 2414 sparsa,
282 2342 368 2402 nulla
395 2340 427 2399 in
463 2331 615 2410 principio
643 2325 697 2387 fibi
724 2321 954 2399 phlebotomia,
989 2344 1091 2408 neque
1118 2330 1182 2390 ulla
1207 2352 1266 2410 per

124 2451 261 2500 ventrem
284 2437 412 2509 solutio,
439 2427 492 2493 sed
512 2439 639 2485 naturae
658 2422 848 2500 porrigentes
868 2427 984 2489 auxilia
1010 2448 1077 2490 eam
1097 2429 1266 2519 imitemur,

125 2541 300 2601 consulente
322 2548 425 2597 nostro
442 2529 638 2588 lirraocasra
659 2522 761 2602 prima
780 2528 930 2607 particula
948 2530 1059 2610 apher.
1080 2533 1129 2593 bie
1150 2536 1267 2598 verbist

124 2661 205 2720 quas
232 2637 342 2707 ducere
366 2637 503 2713 oportet,
535 2621 738 2709 undecunque
767 2632 901 2693 maxime
928 2646 1038 2696 natura
1067 2637 1164 2714 repit,
1193 2633 1267 2698 inde

123 2737 234 2799 ducere
263 2756 322 2815 par
350 2727 559 2797 convenientes
590 2729 739 2807 regiones.
785 2734 951 2798 Gauranos
980 2751 1153 2798 commento
1185 2739 1278 2818 eius·-

122 2833 192 2902 dem
229 2849 346 2897 cutem·
363 2828 579 2914 purgationum
611 2846 738 2900 naturae
772 2839 1003 2900 convenientem
1044 2840 1146 2900 locum
1183 2837 1266 2903 dicit.

121 2937 203 3001 Hinc
222 2947 265 2999 eol
290 2927 523 3014 pannis-,calidis
554 2935 624 2996 cuti
636 2937 804 3016 appositis,-
829 2958 922 3017 poros
944 2936 1156 3017 dilatantibus,
1183 2944 1267 3004 aliis-

124 3061 185 3123 que
210 3035 415 3105 mediocriter,
431 3030 557 3116 quidem
589 3034 695 3098 calidis
720 3037 789 3098 fieri
815 3037 1013 3105 adiutorium.
1065 3040 1168 3102 Stufas
1191 3064 1266 3105 vero

124 3143 219 3209 nimis,
235 3137 344 3207 calidae
364 3151 417 3202 aut
437 3144 563 3200 ae'reum
583 3151 648 3206 arte
670 3140 785 3201 lactum
813 3141 957 3202 balneum
981 3137 1115 3222 quodam
1140 3162 1265 3204 excessu
1347 3194 1349 3196 .

122 3245 357 3310 abhorreamus:
394 3243 470 3304 haec
497 3243 578 3304 enim
607 3241 829 3322 plenitudinem
862 3243 992 3320 agitent,
1029 3261 1092 3302 non
1123 3240 1266 3308 educunt.

122 3345 318 3409 Hincmulta
339 3358 467 3426 potsunt
487 3365 640 3424 emergere
649 3357 841 3408 nocttmenta.
885 3346 1083 3408 Decoctiones
1099 3346 1266 3424 aperitivae

121 3460 196 3511 tunc
214 3443 401 3528 proderunt,
431 3445 580 3511 adiunctis
601 3445 791 3528 quibusdam
822 3447 1021 3523 lenientibus,
1049 3467 1112 3510 non
1139 3451 1265 3528 postha-

122 3549 187 3612 bita
206 3548 327 3619 modica
346 3552 543 3634 stypticitate,
566 3552 600 3613 in
620 3552 677 3612 hac
697 3551 813 3611 forma:

208 3654 279 3718 Ptec-
299 3653 428 3716 Ficuum
449 3653 612 3728 siccarum,
632 3653 756 3715 seminis
775 3651 930 3726 foeniculi,
950 3653 1152 3731 pessulanum,
1174 3655 1262 3717 scuti,

122 3757 170 3819 nis
191 3756 283 3823 loono
305 3757 419 3834 graeci,
439 3752 549 3817 radicis
568 3754 739 3834 petrosilini
760 3773 817 3812 aaa
839 3774 907 3814 unc.
928 3755 1034 3830 semis,
1061 3756 1190 3815 lentium
1211 3777 1265 3817 ex-

123 3859 270 3934 corticar,
288 3858 493 3941 myrtillorum
510 3853 717 3921 anadrachm.
742 3875 834 3922 unam
848 3867 878 3916 et
900 3853 1042 3919 mediam.
1086 3856 1266 3938 (loquantur

124 3963 157 4023 in
166 3981 253 4044 aqua
269 3983 327 4042 pro
348 3960 578 4039 consumptione
601 3955 786 4036 medietatie3
807 3960 959 4019 celaturae
973 3955 1103 4018 addatur
1126 3962 1268 4024 zaccaria.

208 4060 289 4135 lllud
317 4075 495 4133 annotetur:
530 4063 556 4123 si
590 4063 635 4127 in.
654 4061 727 4124 solis
755 4058 907 4139 pudendis
934 4059 1079 4138 pustulae
1100 4059 1268 4126 ulcerentes

125 4164 341 4246 apparuerint,
377 4166 454 4227 alias
481 4167 514 4227 in
549 4176 617 4226 cute
645 4184 708 4225 non
737 4176 932 4243 apparentes,
969 4173 999 4223 ct
1027 4162 1267 4241 phlebotomiam

126 4281 157 4329 et
188 4266 368 4330 solutionem
399 4279 468 4327 ante
496 4267 689 4345 pustularum
724 4266 841 4327 exitum
873 4261 912 4325 ad
943 4273 1042 4325 cutem
1079 4263 1145 4324 fieri
1170 4284 1269 4343 posse.
