2806 4800
664 251 710 321 15

126 443 194 518 luit,
213 462 292 503 anno
314 463 331 501 a
354 439 503 520 principio
521 436 627 500 mundi
650 440 750 511 2240,
782 447 906 518 quartus
932 457 1011 499 anno
1026 434 1131 498 mundi
1151 438 1244 511 3200,

128 547 252 630 ([616166
278 547 380 620 4160,
406 565 424 603 6
448 541 564 603 (1116νί6
588 545 680 604 1918.
733 541 842 605 Sextus
870 540 959 602 nuxit
981 562 1061 603 anno
1090 542 1130 602 ab
1157 541 1245 602 initio

127 647 234 710 mundi
257 648 350 720 6120,
370 667 388 706 6
409 644 524 706 diluvio
547 646 639 706 2878.
681 645 833 726 Septimus
853 643 911 706 1611
931 665 1011 708 6666
1031 640 1139 704 muudi
1152 646 1245 718 6080,
1299 654 1302 659 ·

128 750 285 814 adituuio
318 732 416 826 3838,
446 750 494 810 vel
522 749 636 810 circiter
665 761 734 829 post
763 747 995 809 incarnationem
1025 746 1151 810 canan
1175 748 1247 810 735.

129 856 179 916 Sic
201 856 232 914 iu
264 873 394 926 summa,
423 874 519 935 usque
547 851 678 914 mundus
708 851 802 929 stetit,
828 850 1009 914 transierunt
1035 863 1149 932 septem
1177 868 1248 912 con·

128 961 292 1022 iunctiones
311 957 476 1033 maximae,
510 957 585 1019 circa
611 974 687 1039 quas
715 974 834 1034 semper
863 974 970 1033 magna
998 967 1147 1031 monstra,
1175 973 1248 1034 por·

130 1074 209 1124 tenta
241 1058 272 1125 et
299 1062 426 1142 prolana
448 1073 563 1122 ostenta
583 1056 728 1134 accidere,
757 1057 868 1139 quibus
898 1077 1002 1120 omnes
1030 1057 1172 1119 historiae
1199 1077 1248 1118 re·
1341 1093 1345 1112 .

126 1165 219 1227 sertae
235 1178 306 1227 6661
318 1209 326 1241 ,
348 1162 492 1248 quoniam
514 1164 552 1224 ab
576 1163 716 1225 omnibus
735 1159 986 1240 historiographis
1013 1172 1148 1223 accurate
1168 1160 1248 1220 litte·

124 1267 167 1328 ris
186 1262 306 1348 prodita
328 1264 534 1346 conspicimus.
592 1261 721 1327 Octavus
742 1275 885 1324 corrrcntus
905 1269 1044 1324 renuimus
1061 1262 1199 1325 Sarrum
1220 1272 1249 1321 et

123 1371 206 1431 lours
230 1369 259 1430 in
282 1369 374 1430 ariete
396 1371 452 1430 erit
472 1389 551 1457 anuo
574 1365 697 1443 mundi,
728 1369 754 1428 si
776 1366 848 1428 deus
871 1367 1018 1443 voluerit,
1038 1366 1139 1440 7040,
1161 1385 1179 1424 a
1203 1360 1249 1423 di·

124 1474 210 1534 luvio
232 1476 326 1548 4798,
346 1471 502 1534 aCnmsm
519 1456 726 1534 'incarnatione
749 1475 841 1548 1693,
862 1472 910 1532 vel
932 1469 1056 1532 circiter.
1099 1463 1180 1543 Quid
1195 1486 1250 1526 au-

127 1588 186 1636 tem
210 1577 343 1638 luturum
365 1577 421 1651 sit,
442 1575 515 1637 detis
535 1577 667 1657 optimus
689 1576 900 1659 maximusque
923 1574 1026 1650 novit,
1045 1571 1101 1655 qui
1122 1590 1250 1633 exoran-

126 1676 182 1739 dus
203 1691 266 1755 est,
287 1692 321 1740 ut
342 1699 396 1739 nos
418 1693 573 1742 conservet
593 1681 643 1741 hic
663 1679 794 1741 fruentes
815 1674 944 1743 secunda
964 1674 1152 1751 ualetudine,
1182 1684 1251 1754 post

127 1792 254 1839 mortem
276 1790 348 1840 ve'ro
371 1792 491 1841 aeterno
512 1780 706 1845 beatitudinis
726 1780 846 1862 gaudie.
896 1782 959 1844 Has
980 1791 1133 1860 postremo
1154 1774 1251 1836 maxi·

128 1901 192 1940 ruas
214 1880 434 1942 coniunctiones
455 1904 519 1942 eam
541 1887 579 1944 ob
601 1906 665 1946 rem
685 1899 788 1947 notare
811 1885 915 1958 uolui,
947 1895 981 1945 ut
1008 1881 1125 1943 facilior
1152 1890 1252 1960 pateat

126 1983 212 2062 0rigo
234 1981 326 2044 huius
344 1983 530 2046 acutissimae
551 1983 762 2064 aegritudinis,
792 2005 884 2068 quam
905 1983 1089 2060 astrologicis
1117 2002 1156 2042 ex
1184 2001 1253 2042 cau·

126 2085 166 2145 sis
197 2105 290 2146 conor
321 2087 372 2146 lric
399 2086 563 2169 inquirere.
628 2087 804 2152 Sermonem
841 2107 921 2150 nuuc
954 2080 1084 2148 extendo
1112 2081 1150 2144 ad
1183 2102 1253 2144 con·

126 2189 292 2250 iunctiones
312 2189 449 2252 maiores.

214 2297 407 2375 Capitulum
429 2299 606 2376 septimum
628 2296 664 2355 de
686 2298 873 2374 congressibus
897 2296 1047 2358 martiribus
1064 2297 1251 2379 planetarum,

129 2404 178 2479 qui
207 2410 268 2459 sunt
298 2400 460 2480 [6166166116
486 2400 567 2460 huius
599 2400 750 2478 eilurrbnis,
781 2423 867 2484 quom
897 2403 977 2463 mala
997 2402 1120 2462 Francos
1151 2403 1247 2484 appel-

126 2505 201 2578 lunt,
221 2524 321 2563 causo.

212 2605 395 2666 Cunctarum
426 2603 647 2686 aegritudinum
677 2608 727 2670 vel
748 2605 961 2686 mediocrium,
992 2609 1042 2671 vel
1069 2607 1253 2670 accuratissi-

127 2728 245 2770 morum
279 2711 373 2772 coitus
403 2710 659 2774 infortunatorum
690 2710 878 2790 planetarum
915 2732 1003 2773 causa
1038 2730 1101 2773 esse
1130 2708 1253 2792 poterit.

71 2842 74 2847 Α
124 2812 266 2895 Namque
289 2813 471 2889 saevitura,
499 2813 554 2896 qui
583 2810 711 2894 frigidus
733 2827 762 2877 et
782 2816 874 2879 siccus
896 2817 1017 2893 existit,
1047 2814 1254 2878 6666166116-

128 2936 195 2976 nent
217 2930 299 2978 atrae
320 2918 407 2994 bilis,
424 2915 569 2998 illamque
590 2929 712 2996 generat
729 2931 820 3001 atque
838 2931 1020 3000 augmentat.
1061 2916 1151 2981 Unde
1164 2919 1253 2982 etiam

127 3019 258 3082 continet
277 3022 431 3100 splenem,
460 3024 646 3084 mansionem
664 3022 738 3084 eius.
788 3023 883 3083 Maus
903 3043 977 3084 vero
997 3019 1110 3082 calidus
1138 3035 1168 3083 et
1196 3022 1253 3084 sic-

126 3145 177 3184 cus
197 3125 289 3185 bilem
310 3125 461 3202 intuetur,
490 3128 636 3208 illamque
657 3137 736 3186 creat
754 3137 782 3184 et
811 3135 916 3199 auget,
943 3120 1076 3182 uindicat
1094 3122 1152 3181 sibi
1174 3143 1253 3205 quo·

126 3247 187 3307 que
207 3227 263 3298 161,
284 3224 470 3289 domicilium
490 3226 639 3303 eiusdem,
670 3235 857 3307 quapropter
876 3222 971 3283 Mans
992 3221 1136 3284 excitator
1156 3226 1253 3288 bello-

127 3345 195 3383 rum
216 3325 335 3384 dicitur.
392 3327 426 3386 ln
458 3348 617 3406 congressu
649 3328 742 3406 igitur
762 3325 888 3387 molitur
907 3325 1037 3408 quisque
1057 3347 1141 3389 suam
1164 3329 1252 3390 mali·

71 3498 73 3505 ,
127 3425 199 3486 tiam
221 3426 373 3506 prolerre,
394 3448 432 3490 ne
453 3429 578 3491 inlerior
597 3431 644 3492 sit.
698 3429 862 3492 Sarranus
882 3431 1042 3509 longorum
1062 3434 1252 3512 morborum,

126 3549 165 3590 ex
185 3543 250 3591 atra
273 3531 333 3590 bile
361 3532 539 3608 orientium,
568 3533 653 3594 iacile
672 3552 780 3613 parens
810 3533 949 3595 liabetur.
1004 3536 1098 3597 Mnus
1128 3558 1250 3600 rursum

82 3620 90 3637 ⁹
124 3634 361 3695 astitissimarum
383 3633 625 3716 aegritudinum,
646 3658 684 3698 ex
703 3637 758 3697 bili
776 3635 898 3697 ssarnma
922 3636 1149 3717 inextinguibili
1177 3662 1250 3720 pro·

123 3734 300 3812 lluentium,
321 3738 460 3820 princeps
483 3739 593 3802 existit.
634 3739 724 3802 Unde
745 3741 876 3803 61111166
897 3743 967 3802 muli
985 3743 1021 3802 da
1040 3746 1164 3805 Francos
1187 3745 1249 3805 ori·

124 3822 224 3918 ginem
246 3842 305 3903 sibi
325 3845 476 3922 peculiare
497 3841 626 3920 ducunt,
654 3840 739 3926 quod
763 3863 801 3903 ex
824 3845 980 3924 corruptis·
994 3845 1174 3905 humoribus
1195 3865 1247 3923 ge·

124 3945 223 4004 nerari
244 3941 380 4021 videtur,
402 3968 480 4029 quos
502 3945 539 4009 ad
564 3970 613 4023 66,
646 3961 801 4029 tamquam
822 3962 923 4025 natos,
956 3934 1036 4028 'quoa
1057 3961 1247 4026 generarunt,

123 4048 272 4125 pertinere
291 4049 491 4127 arbitrantur,
520 4072 559 4112 ex
579 4052 673 4113 coitus
696 4058 801 4111 eo'rum
823 4049 1056 4129 configuratione
1079 4061 1170 4132 atque
1192 4049 1246 4113 do·

124 4151 212 4210 ntiuii
231 4149 414 4214 fortitudine.
456 4152 491 4215 Id
512 4175 602 4229 veru,
623 4175 686 4235 quo
706 4153 758 4214 liat
778 4166 884 4232 pacto,
915 4152 1159 4214 coniunctionum
1182 4175 1245 4213 rna·

123 4252 221 4313 iorum
244 4259 429 4318 enumeratio
448 4259 620 4319 illustrabit.
673 4257 781 4336 Neque
802 4255 881 4314 euim
903 4256 977 4315 clam
999 4267 1044 4316 est
1064 4276 1130 4332 me,
1166 4258 1245 4317 inter

74 4346 82 4359 ²
123 4355 199 4418 duos
212 4358 503 4459 rtraximqunrvuur
520 4376 545 4421 et
558 4362 642 4421 lovis
655 4374 755 4422 ternos
768 4355 805 4418 ad
819 4359 917 4419 miuus
931 4358 1056 4420 nraiores
1071 4380 1243 4436 congressus
