2806 4800
668 222 718 292 20

122 396 330 487 timoremque
352 426 455 467 rerum
478 407 647 488 principem
671 428 703 469 se
724 408 810 488 gerit.
866 407 957 471 Unde
978 408 1076 488 prima
1103 424 1203 470 'euersa¹
1216 422 1272 491 ap·

123 521 208 586 paret
229 530 293 570 esse
314 521 381 570 atra
402 511 491 586 bilis,
520 532 600 592 quae
628 513 707 570 lianc
734 495 943 590 impuritatem
966 533 1067 590 gener
1059 525 1107 586 rt,
1136 514 1271 595 rectruda

84 621 88 629 '
123 611 211 685 bilis,
233 632 312 693 quae
333 625 423 692 anget
445 612 572 674 eandem
600 613 798 696 accenditque
817 634 867 677 ess
889 617 1031 677 contritas
1053 614 1272 696 lmmiditates3

124 734 195 774 nam
217 715 312 776 Mans
336 729 380 778 eat
400 734 511 796 parens
541 719 640 778 omnis
661 718 919 778 itrllammationis.
970 700 1085 778 ideirco
1106 731 1202 797 putor
1222 720 1272 780 in·

123 817 270 877 trinsecus
291 819 322 877 iu
345 838 382 878 eo
402 823 478 879 molo
499 821 537 880 de
555 823 681 881 Francus
702 817 824 913 ridetur
840 821 947 880 lernre·
966 816 1074 879 eadem
1097 821 1272 883 laborantes

123 920 263 980 homiues
287 919 485 997 aegritudine
498 922 572 999 igne
588 909 783 996 consumere,
810 935 872 984 eatn
898 921 1081 997 inflammat,
1111 923 1271 1001 incinerat,

123 1033 246 1103 torquet
274 1023 462 1104 premitque,¹
495 1037 529 1085 ut
558 1025 734 1087 *miserabile
764 1024 804 1085 sit
842 1023 942 1086 dictu:
962 1012 1102 1103 plures,
1131 1027 1270 1108 inquam,

123 1124 222 1187 sedari
243 1123 499 1188 dolorenrmorte
520 1133 636 1206 optant.
687 1129 773 1188 lllam
796 1125 1035 1189 sordidissimam
1057 1129 1215 1189 materiem
1237 1131 1271 1193 vi

123 1230 248 1290 enititur
275 1216 390 1291 natura
414 1233 586 1310 expellere,
617 1229 656 1290 ad
689 1231 901 1312 naturaliaque
932 1228 1113 1306 ltomionnr,
1147 1233 1203 1294 nbi
1223 1230 1271 1296 cot¹

123 1351 299 1409 congressus
322 1352 485 1408 venarum,
507 1331 648 1394 demittit.
699 1330 838 1393 Namet
868 1332 990 1410 signum
1018 1334 1204 1412 scorpionis,
1235 1337 1270 1398 in

123 1455 186 1514 quo
208 1448 374 1495 conventus
396 1434 453 1496 iste
473 1437 664 1514 planetarum
688 1437 782 1494 iactus
804 1432 1051 1509 antoniorum
1072 1420 1286 1500 iniuratm:

123 1539 171 1598 bri
196 1538 297 1598 lrabet.
341 1539 451 1619 Neque
470 1549 584 1599 tamen
596 1538 733 1617 perlecta
747 1536 895 1614 contingit
914 1537 956 1597 in
968 1557 1005 1598 eo
1026 1540 1094 1600 loco
1114 1542 1273 1633 expulsio,

124 1661 224 1720 quare
251 1636 290 1698 ad
319 1640 395 1700 alias
428 1637 630 1701 diffunditur
646 1640 786 1720 eorporis·
813 1639 982 1701 nobiliores
1010 1650 1122 1771 partes
1138 1642 1273 1773 ¹proq'rt'er'
1308 1679 1315 1687 κ

123 1744 278 1821 sanguinis
299 1738 536 1822 corruptionem.
1087 1764 1089 1769 ·

208 1847 316 1909 Fluxit
332 1842 443 1906 deinde
454 1846 607 1907 morbus
598 1857 661 1907 rste
664 1842 714 1905 ad
736 1847 854 1920 ltalos,
858 1864 913 1926 qur
904 1841 1070 1907 videntur
1088 1847 1273 1928 perticipare

123 1970 190 2010 cum
213 1946 325 2026 Gallis,
356 1962 422 2012 tum
451 1949 492 2011 ad
517 1951 685 2012 Germanos
715 1949 1038 2011 transvexitMsarrs
1070 1950 1270 2013 indiacum

122 2055 275 2116 iunctione
296 2053 493 2132 principatus.
547 2050 660 2114 Manet
678 2066 830 2132 postremo
854 2049 893 2112 ad
916 2053 1058 2130 Anglieos
1078 2064 1172 2135 atque
1190 2053 1266 2114 alios

123 2158 260 2219 Servari
281 2160 445 2219 ministros.
490 2157 578 2218 ‘lllud
608 2171 709 2220 tamen
732 2158 884 2218 neminem
907 2157 1014 2236 fugere
1033 2159 1143 2233 velini,
1161 2160 1268 2218 om'nes

123 2261 209 2320 loma
232 2272 319 2320 natos
342 2261 452 2320 maiori
477 2260 573 2319 buius
598 2257 798 2336 aegritudinis
816 2257 981 2320 formidine
1002 2259 1123 2338 urgeri,
1147 2242 1271 2341 *quibui

125 2357 234 2420 deinde
256 2362 377 2439 signnm
397 2359 476 2420 illud
497 2372 674 2437 congressus
696 2350 830 2423 ascendit
860 2363 893 2422 in
914 2363 1080 2424 nativitate.
1129 2363 1183 2424 Eu
1199 2362 1271 2423 alia*

124 2463 213 2524 etiam
235 2484 324 2524 cansa
338 2480 435 2542 saepe
456 2462 516 2523 lati
533 2463 632 2522 morbi
653 2465 804 2525 revolutio
818 2452 1169 2542 Sarrnurdecenninlis,
1189 2476 1271 2549 qnae·

124 2585 205 2626 anno
225 2567 420 2645 octogesimo
427 2585 509 2626 nono
529 2568 679 2646 completa
701 2568 758 2628 luit
779 2578 808 2628 et
800 2588 985 2663 utinquam
1000 2568 1067 2630 sinc
1089 2571 1203 2650 aliqua·
1206 2569 1270 2630 sin

124 2668 245 2746 gulsri
256 2668 424 2730 mutatione
446 2668 636 2749 praeteriit.
632 2669 744 2729 Nunc
764 2666 802 2728 ad
824 2656 957 2765 remedia
977 2669 1272 2767 ιιιθειιι1ἰιιιιιιιι.·’“·Ι

161 2770 430 2852 Capitulum
464 2774 640 2833 decimum
678 2772 721 2830 de
738 2773 870 2832 remediis
906 2784 1006 2832 coutru
1024 2778 1161 2887 sagittus
1189 2777 1271 2836 boire

124 2873 252 2954 pestiferi
264 2877 361 2935 morbi
378 2881 432 2934 sire
452 2877 586 2954 proluvie!
605 2876 641 2933 ds
659 2878 796 2936 Frffonzos
841 2862 855 2909 ’ἶ
1044 2902 1047 2911 ·

213 2977 264 3036 Ex
279 2998 355 3058 quo
364 2978 505 3056 sagittae
502 2977 588 3035 istae
606 2995 668 3036 ex
680 2986 766 3039 arrae
796 2976 865 3037 bilis
894 2960 1023 3036 acttitate
1053 2976 1191 3056 bilisque
1221 2977 1271 3036 in·

127 3074 400 3153 dominationibus,
422 3078 562 3140 dirutis
552 3101 584 3138 ιιι
605 3080 730 3140 homins
751 3064 1017 3158 propugnaculis,
1024 3086 1209 3154 erumpunt,
1217 3077 1271 3134 ab

127 3185 230 3244 altero
244 3178 370 3264 quoque
385 3184 418 3243 in
418 3175 569 3245 altorum
599 3183 746 3264 torqueri
764 3177 926 3252 ridentur,
954 3188 1114 3274 tamqnam
1134 3162 1272 3256 peregri-r

115 3303 184 3357 ¹nus
206 3288 341 3348 morbus.
394 3283 601 3359 Quamobrem
623 3288 714 3346 etium
736 3305 804 3345 cum
824 3281 1015 3362 pestilentia
1011 3264 1197 3342 affinitatem
1215 3281 1273 3339 lte»

126 3387 187 3446 bet.
210 3386 344 3448 ldcirco
365 3388 545 3469 clypeorum
570 3389 691 3468 opifices
713 3376 867 3465 deligendi
889 3399 978 3460 sunt,
1010 3374 1082 3469 qui
1091 3385 1208 3465 optime
1227 3384 1275 3443 la·

128 3487 269 3553 micent..
296 3490 520 3552 Facilo'antem
542 3491 707 3563 restiteris,
729 3489 799 3563 nbi,
826 3487 991 3549 {domicilio
1007 3499 1078 3567 post
1106 3497 1136 3548 te
1158 3474 1273 3557 relicto}

128 3591 246 3672 inquo
267 3592 439 3652 laborantes
460 3612 561 3653 saorra
583 3586 788 3666 decumbunt,
810 3593 932 3652 eoelum
962 3593 1076 3650 clarum
1097 3574 1276 3667 purumque

129 3707 198 3753 oute
219 3706 250 3754 ta
265 3694 387 3766 tuleris,
408 3693 587 3776 nbiqneab
608 3695 719 3757 horum
732 3688 950 3755 consuetudine
963 3682 1071 3754 sedulo
1084 3678 1276 3753 abstinueris.

129 3795 272 3878 Namque
294 3818 331 3876 eo
351 3798 410 3856 tela
430 3796 571 3858 inficiunt
588 3794 705 3872 sitirent,
725 3790 1016 3878 quimnltiplieatus
1031 3793 1070 3856 ad
1085 3795 1216 3856 alterum
1229 3793 1277 3852 iu-

130 3899 241 3960 toxicat
261 3903 291 3960 e't
308 3897 442 3960 ettndem
463 3899 575 3979 ipsum.
621 3901 738 3960 ⁴Vitare
767 3890 859 3960 etiarn
880 3900 1146 3982 operaepretium
1169 3909 1212 3956 est
1235 3896 1278 3953 la·

130 3982 244 4060 valoris
256 4002 441 4063 communie
451 4003 521 4062 hae
527 4015 717 4082 tempestate,
740 4002 888 4082 quoniam
908 4003 979 4080 p'ori
993 4010 1109 4076 patent.
1154 4000 1279 4056 Postea·

131 4122 226 4182 quarn
245 4106 508 4187 veroquisquam
505 4100 652 4176 urserit,
674 4106 780 4162 veut'os
800 4102 897 4160 animi
913 4110 1001 4159 motu
1011 4097 1130 4175 aliquo
1143 4096 1279 4166 excitari,

133 4204 181 4264 lris
197 4218 237 4283 ιιι
239 4220 317 4267 eruat
336 4207 434 4268 debus
448 4200 604 4284 cytherae
610 4200 766 4272 melodia,
790 4197 943 4276 psallendi
963 4185 1029 4255 arte
1050 4199 1278 4266 Ριιιιιιιοιιιιι

128 4307 294 4369 courir-iis
301 4309 428 4369 iut'arsit
457 4304 607 4368 (dnrnnrs
633 4300 703 4364 'oum
725 4301 926 4374 Auraroua,
940 4296 1047 4362 Vruvs
1083 4310 1276 4358 tamencum
