2806 4800
678 219 724 289 63

137 412 220 474 illius
241 432 379 494 pugnae,
408 407 507 470 lov'an
528 404 681 483 deserens,
714 403 860 467 Samara
881 420 970 482 opem
997 400 1084 478 tulit,
1113 420 1174 461 una
1208 399 1264 464 ad·

138 518 322 578 miscuerunt
342 531 411 574 saras
431 511 587 599 pestiferas
607 509 765 591 qualitates
784 504 956 567 salubribus
966 505 1052 565 lovrs
1073 506 1263 571 humoribus.

137 618 170 678 iu
192 619 305 700 quibus
325 615 522 674 animantium
545 615 606 675 vite
626 612 776 686 consistit,
794 630 906 691 eosque
926 607 1047 688 penitus
1067 627 1106 669 ex
1125 628 1179 670 sua
1198 610 1263 689 pri·

136 721 277 799 mogenia
307 730 413 778 namra
443 714 612 776 deiicientes
639 712 678 776 ad
705 711 988 788 inflammationem,
1031 714 1265 793 corruptionem,

135 822 385 902 putrefactionem
406 831 435 879 et
454 818 577 879 exitiale
596 836 746 879 venenum
762 813 999 877 vindicaverunt.
1040 814 1127 878 Unus
1149 816 1200 877 hic
1220 828 1267 876 est

135 927 190 986 ille
210 925 308 986 fatalis
328 923 441 997 hostis,
469 940 561 1003 quem
582 921 690 982 totiens
710 917 884 993 nominavi,
913 917 1051 980 Ssrvnnr
1081 931 1110 979 et
1135 919 1263 979 Manrrs

134 1027 336 1109 perniciosum
357 1045 452 1105 opus,
473 1022 529 1106 qui
550 1023 686 1103 primum
707 1023 741 1085 in
761 1021 885 1084 iovialia
907 1040 1047 1100 corpora,
1068 1021 1171 1102 qualia
1190 1021 1263 1082 Gal·

134 1133 234 1192 lorum
256 1141 428 1205 censentur,
448 1125 495 1212 (hi
518 1128 599 1188 enim
622 1139 691 1188 ante
711 1146 815 1189 omnes
835 1126 898 1185 fere
919 1125 1060 1186 mortales
1080 1125 1163 1185 lmnc
1180 1143 1263 1185 mor·

133 1235 209 1295 bum
229 1234 354 1295 sensisse
373 1229 533 1305 ridentur,
554 1230 594 1293 ob
616 1226 698 1311 quod
720 1241 751 1291 et
771 1227 896 1290 morbus
917 1228 1040 1306 gallicus
1061 1248 1079 1288 a
1098 1227 1263 1307 gentiano·

131 1338 214 1401 mine
234 1336 382 1418 appellari
400 1329 552 1416 coeperat)
573 1330 718 1394 demissus
739 1343 798 1407 est,
826 1342 957 1411 anteque
978 1331 1080 1392 omnia
1098 1331 1263 1410 possessio·

131 1428 201 1502 ibin
230 1441 348 1522 hepatis
376 1440 440 1502 sine
461 1438 611 1513 tumultu,
643 1435 770 1517 strepitu
801 1447 830 1498 et
859 1434 995 1495 molestia
1024 1435 1157 1514 capessit.
1210 1435 1264 1498 Est

132 1557 209 1605 certe
233 1544 297 1604 eius
312 1554 452 1616 naturae,
481 1537 564 1622 qnod
591 1539 752 1601 laesionem
782 1537 926 1600 membris
946 1557 1009 1598 non
1030 1539 1107 1599 solet
1128 1551 1261 1617 repente,

130 1647 183 1708 sed
205 1659 274 1727 post
294 1647 425 1724 spatium
445 1643 539 1705 trium
563 1644 713 1704 mensium
734 1641 832 1727 (tanto
855 1639 997 1725 equidem
1016 1653 1152 1721 tempore
1170 1663 1262 1724 quar-

128 1763 198 1810 tum
225 1768 358 1808 mensem
397 1744 517 1806 insidiis
546 1759 755 1826 opportunum
794 1758 953 1826 expectans
992 1741 1030 1804 ad
1061 1742 1263 1823 aggredienda

132 1869 200 1908 cum
218 1848 334 1926 impetu
355 1859 451 1908 cetera
472 1849 610 1908 membra
638 1870 671 1910 se
698 1847 797 1932 parat)
818 1851 968 1927 ingerere,
997 1859 1026 1909 et
1055 1845 1179 1930 quaudo
1200 1849 1260 1908 iam

130 1953 163 2012 iu
187 1972 222 2012 ea
245 1950 363 2030 capitali
384 1971 450 2010 arce
471 1951 564 2011 totius
584 1951 716 2030 regionis
740 1951 874 2030 corporis
904 1968 1029 2028 prorsus
1049 1952 1195 2011 concaluit
1227 1973 1262 2011 ac

129 2066 196 2117 tuta
217 2051 367 2132 praesidia
388 2065 491 2114 contra
513 2072 634 2114 omnem
659 2053 722 2115 rim
751 2053 810 2114 sibi
835 2050 970 2132 paravit,
1001 2051 1086 2112 virus
1113 2058 1262 2113 tormenta

131 2178 201 2220 cum
222 2176 341 2218 summa
361 2142 590 2237 importunitate
611 2169 641 2220 et
661 2157 784 2219 saevitia
804 2156 838 2217 in
858 2155 957 2218 vicina
976 2156 1042 2216 loca
1063 2151 1170 2231 cordis,
1191 2157 1262 2234 pul·

133 2259 248 2334 monis,
278 2261 392 2340 splenis
419 2273 511 2342 atque
537 2261 744 2321 testiculorum
773 2257 924 2320 domicilia
948 2268 1080 2340 torquet.
1141 2254 1261 2332 Quibus

133 2362 249 2424 infectio
273 2363 306 2422 iu
325 2365 488 2426 remotiora
509 2366 646 2440 castella,
677 2363 790 2446 quibus
811 2361 889 2424 ratio
909 2359 1074 2442 praesidet,
1094 2372 1261 2424 tormento-

132 2486 201 2526 rum
222 2467 405 2528 atrocitatem
427 2464 539 2547 dirigit,
561 2487 623 2528 non
643 2477 736 2528 cessat
751 2485 850 2540 venas,
873 2465 1006 2540 arterias,
1027 2483 1146 2541 nervos,
1166 2479 1258 2543 arms,

130 2571 299 2644 musculos,
327 2570 486 2646 articulos,
515 2590 582 2631 ossa
605 2581 633 2633 et
653 2588 772 2632 carnem
792 2570 953 2631 infectione
972 2565 1134 2649 persequi,
1164 2567 1259 2631 donec

129 2684 224 2735 totam
244 2669 388 2733 ditionem
410 2674 527 2734 animae
547 2693 619 2734 suae
641 2673 826 2736 intolerabili
846 2673 983 2736 servituti
1004 2672 1128 2756 subigit,
1168 2668 1258 2744 Quod

130 2794 227 2857 quum
247 2777 359 2837 factum
381 2790 435 2852 est,
456 2777 573 2838 interna
585 2777 687 2838 omnia
707 2777 789 2838 hosti
802 2788 920 2857 parent,
942 2775 1143 2838 exterioribus
1162 2797 1259 2838 mem·

129 2880 256 2940 brorum
276 2878 419 2939 tractibus
439 2876 568 2939 insidiae
587 2891 756 2964 smumtun
798 2875 905 2938 Indicit
927 2878 1035 2939 etenim
1050 2876 1172 2941 medicis
1193 2881 1258 2942 bel·

128 2983 211 3058 lum,
231 3000 385 3061 exponens
407 2983 440 3042 in
461 2983 536 3044 cutis
557 2982 744 3064 superficiem
765 2979 829 3043 odii
851 2995 880 3043 et
893 2978 1086 3044 dissensionis
1100 2985 1257 3059 vexillum,

128 3106 220 3146 unam
231 3087 433 3162 vernaculam,
450 3106 528 3168 quae
549 3087 663 3146 lunaris
678 3106 781 3147 cursus
793 3085 922 3145 termino
933 3087 964 3144 in
987 3083 1132 3163 grandem
1150 3098 1258 3165 pustu-

127 3190 188 3248 lam
209 3190 352 3250 excrescit
378 3187 560 3271 duobusque
581 3190 630 3249 vel
650 3189 744 3249 ternis
763 3187 917 3246 mensibus
939 3187 972 3246 in
991 3187 1095 3267 aliqua
1121 3188 1257 3266 corporis

127 3302 213 3368 parte
233 3289 394 3368 persistens
423 3309 603 3349 venenosam
632 3286 843 3348 humiditatem
873 3307 992 3367 semper
1018 3289 1135 3350 emittit.
1187 3287 1257 3365 Quo

127 3393 214 3468 signo
233 3387 360 3448 lacessiti
373 3387 490 3462 medici,
512 3409 608 3471 quum
618 3384 723 3451 itid‘em
745 3403 953 3469 oppugnantes
968 3390 1173 3475 'ntqgnarbque
1193 3396 1256 3458 vim

127 3490 414 3554 medicamentorum
434 3493 621 3571 impellentes
642 3494 692 3556 vel
712 3495 844 3574 eripere,
871 3497 920 3557 vel
934 3472 1123 3576 supprimere
1145 3520 1255 3560 conau-

125 3610 194 3671 tur,
230 3609 261 3656 at
290 3594 368 3654 nihil
402 3597 576 3657 nocumenti
609 3598 721 3660 inferre
753 3610 897 3687 posucrat,
931 3612 1052 3681 turpem
1085 3604 1254 3680 pactionem

126 3717 193 3758 cum
214 3697 273 3757 hoc
291 3696 359 3776 ipso
380 3698 468 3761 hoste
488 3699 566 3759 inire
587 3715 753 3780 coguntur,
772 3699 855 3784 quod
876 3703 977 3782 ipsum
998 3701 1147 3765 uidelicet.
1160 3706 1253 3767 libere

125 3814 154 3862 et
174 3801 238 3860 sine
260 3799 478 3880 impedimento
511 3804 605 3867 velint
624 3807 796 3886 permittere
816 3803 855 3866 ad
873 3827 968 3866 unum
992 3807 1122 3867 lustrum
1146 3820 1253 3886 tyran-

123 3900 224 3963 nidem
246 3925 331 3965 suam
348 3904 381 3963 in
405 3906 552 3966 misellam
573 3908 792 3969 humanitatem
813 3929 967 3982 exercere,
994 3906 1119 3968 eandem
1148 3907 1251 3968 confo-

126 4002 210 4081 dere,
237 4009 408 4068 exanimare
429 4021 458 4069 et
478 4010 652 4088 infringere.
703 4008 793 4086 Qttod
820 4008 927 4072 foedus
947 4012 1025 4071 inter
1052 4030 1102 4070 eos
1123 4010 1164 4070 ita
1195 4011 1248 4075 fir·

124 4126 209 4166 mum
229 4124 379 4185 remanet,
406 4111 490 4192 quod
517 4115 595 4174 nihil
615 4136 752 4196 unquam
780 4116 918 4176 stabilius
940 4127 968 4173 et
991 4113 1172 4174 constantius
1193 4138 1248 4176 att-

124 4206 232 4270 dietim
253 4213 301 4271 vel
328 4212 473 4292 viderim3
500 4217 633 4295 profecto
662 4218 693 4277 in
721 4217 897 4279 decennium
930 4216 991 4275 fere
1025 4215 1067 4276 ita
1091 4209 1248 4278 laboratur

123 4314 181 4374 hoc
201 4313 325 4390 morbo,
347 4314 430 4396 quod
450 4319 596 4381 constanti
622 4321 798 4401 salubrique
826 4317 972 4380 medicina
1001 4338 1158 4400 nunquam
1179 4340 1244 4379 stac-
