2806 4800
631 237 705 306 205

96 422 296 486 luminarium
315 432 344 482 et
365 417 399 480 id
423 435 529 498 gauses,
553 438 634 500 quae
655 437 712 498 per
732 437 765 480 ss
781 427 810 479 et
828 415 1161 480 absultttsmamtionem
1179 438 1244 481 mo·

98 540 146 590 tus
170 530 417 606 consequuntur,
448 519 568 600 proprii
594 531 666 582 sunt
692 520 732 580 iu.
747 519 849 600 primo
870 506 1072 582 oerutudtnis'
1088 520 1185 598 gradu
1210 542 1245 585 as

98 628 273 704 necessarii,
294 625 420 687 allectus
442 643 514 686 vero
530 623 710 702 ¹ustrtslogici
723 634 753 684 et
774 634 900 686 eventus
920 621 1017 685 luturi
1038 622 1246 701 contingentes

95 731 207 792 inserti
218 743 248 791 et
259 729 350 790 coelis
365 727 492 788 omniuo
506 727 645 788 extranei
660 739 753 808 atque
766 725 870 788 liutitii
886 737 968 802 sunt,
987 745 1069 804 arpos
1111 723 1244 786 Estet-in

99 832 277 913 praeseutia·
289 839 438 889 annotato
460 826 681 906 dignissimum,
700 825 785 909 quod
800 831 827 889 .6
841 828 1063 909 metaplrysieso
1073 827 1247 889 Aursnoer·

100 953 153 994 nas
171 944 261 1011 negat
281 928 321 992 ad
340 929 526 1010 positionem
549 951 655 992 musae
682 930 867 1010 positionem
889 930 1014 992 effeetus
1042 930 1079 991 iu
1105 946 1246 992 ooussru·
1310 911 1313 920 Ι

98 1037 183 1098 tione
212 1052 294 1109 esse,
322 1051 377 1107 eo,
403 1031 491 1114 quod
519 1031 718 1093 multifariam
746 1042 857 1110 potest.
876 1029 1021 1111 impedi-ri
1052 1052 1113 1110 per.
1136 1033 1246 1096 nansi·

99 1139 214 1200 tionem
235 1133 381 1215 subiecti,
407 1155 464 1214 per
491 1134 679 1195 extrinsecus
699 1129 886 1212 impediens,
915 1152 971 1212 per
995 1130 1127 1193 mediam
1153 1147 1248 1196 ntue-

99 1241 177 1301 riam
198 1240 239 1301 ab
259 1257 312 1312 ea,
332 1255 396 1317 que
417 1249 481 1298 erat
502 1235 684 1315 suseeptiva,
704 1231 915 1313 impressionis
936 1231 1136 1312 dispositione
1149 1247 1248 1299 traua

98 1352 256 1401 mutatam·
276 1388 279 1393 .
298 1335 398 1416 Negat
417 1337 559 1398 similiter
579 1356 681 1411 omae,
694 1332 856 1417 quodest,
875 1355 994 1396 causam
1011 1357 1068 1415 per
1081 1356 1113 1398 se
1124 1337 1248 1410 hebere,

99 1463 168 1503 cum
190 1461 243 1503 ene
265 1457 323 1518 per
341 1433 479 1499 accidens
501 1457 564 1500 non
585 1436 822 1515 habeatem—cui
842 1455 889 1513 eo,
911 1434 997 1518 quod-
1010 1438 1162 1515 astrologi
1176 1459 1247 1500 cau·

98 1566 164 1607 sam
185 1565 242 1626 per
261 1563 300 1604 sef
316 1551 346 1602 et
364 1542 522 1622 propriam
537 1541 703 1622 praecipue
716 1543 901 1621 plerumque
917 1558 956 1600 ex
970 1538 1249 1619 eoeloconfingunt‚

99 1649 236 1728 ipsorum
257 1647 413 1710 seientiam
436 1645 601 1708 effectuum
623 1645 699 1707 aueli
720 1641 1008 1722 haud‘coguitivam
1025 1644 1160 1705 uroxiure
1175 1663 1247 1705 oon·

98 1749 240 1811 stituuut.
279 1748 434 1828 Amplius,
456 1761 490 1810 ut
511 1745 693 1824 idemtitas,
708 1748 787 1808 seire
807 1759 852 1808 est
864 1768 983 1809 causam
996 1748 1042 1810 rei
1054 1764 1247 1828 cognoscere:

98 1870 189 1911 causa
210 1867 284 1910 vero
312 1845 566 1923 demonstrativa,
583 1868 656 1927 ÷per
684 1868 854 1929 quam-sua
875 1850 1021 1928 astrologi
1047 1848 1170 1910 firmant
1198 1848 1247 1908 iu·

98 1951 194 2028 dicia,
225 1961 301 2030 puta
318 1948 419 2028 figura
448 1951 499 2010 vel
528 1949 716 2031 quaestionis
744 1949 793 2011 vel
821 1951 976 2012 electionis
1003 1962 1056 2012 aut
1083 1949 1248 2011 nativitatis

97 2055 163 2117 sive
196 2053 315 2115 annalis
345 2051 566 2127 revolutionis,
598 2051 724 2113 omniuo
763 2050 878 2112 ineerta
898 2065 993 2134 atque
1013 2050 1167 2129 incognita
1193 2062 1249 2126 est,

98 2173 207 2233 ergo·
248 2150 308 2216 Sed
338 2153 438 2232 probo
469 2153 639 2228 minorem,
670 2153 745 2234 quie
775 2149 905 2232 gradum
939 2147 1148 2213 ascendentem
1163 2171 1247 2235 'cum

99 2255 287 2336 praecisione
306 2254 447 2318 iuvenire
469 2276 527 2335 per
540 2251 722 2336 Anymodar
736 2256 831 2316 Pron.
848 2255 944 2316 verbo
966 2255 1008 2316 33
1030 2275 1128 2316 novae
1149 2266 1248 2315 trans·

97 2357 220 2419 lationis
242 2358 283 2417 ab
302 2356 463 2434 astrologis
483 2376 563 2437 pene
582 2355 728 2444 omuibus
748 2356 938 2432 confutatur,
966 2367 996 2417 et
1017 2353 1248 2436 reprehendunt

98 2461 277 2534 drusum,
296 2461 450 2520 lousnrrs
472 2459 685 2534 Hrsrsnnusrs,
718 2458 913 2519 Annalem
941 2457 1112 2534 iraeadem,
1124 2508 1127 2514 ,
1139 2460 1247 2535 ceterir

30 2579 40 2601 ⁴
98 2561 240 2643 quinimo
262 2561 354 2622 stiam
375 2561 492 2623 trutina
517 2562 697 2635 Heraeus,
726 2558 884 2644 adquam
912 2562 1042 2642 praeisti
1070 2581 1175 2623 omnes
1197 2582 1247 2622 re·

98 2663 308 2745 contionesque
329 2663 528 2742 ooofttgiunt,
556 2664 645 2727 citata
668 2664 763 2726 verbo
792 2667 1001 2739 51erronea,
1032 2659 1178 2725 defectiva
1203 2673 1247 2754 et-³

100 2778 134 2828 ut
154 2766 287 2844 ingenue
307 2765 502 2825 innumera
523 2765 699 2843 confitetur,
721 2765 861 2848 quinque
882 2761 1033 2846 graduum
1056 2762 1248 2827 differentiae

98 2887 196 2946 capax
212 2865 270 2927 sub
292 2862 394 2926 medio
412 2878 512 2943 motu,
532 2885 595 2928 non
612 2886 688 2929 uero
708 2887 775 2950 quo
793 2887 828 2928 ea
849 2879 979 2943 utuntur
991 2864 1247 2944 ‹astrologisaotes

98 2979 129 3030 et
150 2961 363 3027 maletradits
386 2978 448 3044 est,
472 2986 555 3045 ergo.
597 2969 734 3029 Multum
758 2961 916 3048 praeterea
935 2965 1168 3041 moestitudinis,
1189 2967 1247 3027 lal-

98 3066 195 3129 sitatis
216 3079 308 3147 atque
330 3069 443 3130 erroris
463 3066 623 3132 diversitas
644 3066 854 3133 declinationis
873 3070 965 3145 solis,
983 3089 1081 3152 ¹quae,
1104 3079 1148 3132 est
1167 3069 1247 3135 inter
1302 3135 1311 3156 ,

98 3172 318 3231 Poosounruar
333 3183 432 3252 ,atque
452 3171 622 3234 Arrunsurt
640 3171 675 3245 in
692 3169 1117 3252 prognosticisastrologieis,
1139 3170 1243 3248 affaris

99 3283 213 3353 quanta
235 3271 316 3333 enim
340 3273 415 3332 haec
442 3272 499 3348 sit,
527 3273 584 3350 iis,
613 3274 669 3356 qui
691 3274 841 3337 theoricas
873 3275 998 3351 callent,
1032 3273 1246 3355 relinquimus.

99 3372 190 3438 Unde
211 3395 251 3437 ex
271 3375 309 3436 iis
330 3375 463 3458 aliisque
486 3377 609 3452 multis,
641 3393 721 3458 quae
750 3377 783 3438 in
804 3377 985 3458 ,praesentia
1007 3390 1115 3458 sponte
1136 3377 1246 3440 transi·

99 3497 184 3554 auus,
203 3477 363 3540 manifeste
382 3477 575 3540 concluditur
594 3479 706 3559 figuras
726 3481 930 3561 astrologicae*
947 3480 1108 3545 cuiuslibet
1129 3482 1246 3545 tlteusue

100 3584 140 3644 tis
160 3582 308 3659 incertas,
328 3603 422 3645 vanas
444 3581 539 3666 atque
557 3586 676 3648 fallaces
698 3607 761 3648 esse
783 3598 832 3661 et,
848 3584 894 3667 *si
913 3581 989 3666 quid
1010 3605 1067 3664 per
1084 3585 1154 3647 illas
1173 3603 1246 3663 pro·

97 3686 206 3760 hatur,
235 3704 416 3760 erroneum,
446 3686 591 3748 inscitum
623 3701 716 3772 atque
745 3708 861 3750 meram
888 3686 1134 3765 ignorationem,
1166 3686 1246 3747 nulli

97 3789 234 3850 lrumsuo
264 3789 349 3866 usui,
380 3787 501 3852 medico
527 3791 630 3853 ntinus
656 3805 710 3854 eut
741 3794 831 3868 utile,
858 3804 911 3854 aut
940 3789 1140 3852 necessarium
1170 3775 1256 3848 lore.¹

98 3885 198 3960 Qunam
218 3890 261 3952 ob
281 3909 347 3950 rem
371 3892 566 3954 vetustissimi
585 3905 615 3956 et
635 3894 733 3972 graeci
762 3907 793 3956 et
825 3893 912 3956 latini
933 3895 1101 3973 arabesque
1122 3885 1246 3951 medici·

97 4011 156 4050 uae
176 3991 354 4070 scriptores,
375 3992 438 4063 imo
459 3995 562 4056 verius
583 4009 719 4058 auctores
740 3995 909 4057 imitatione
930 3993 1031 4073 digni,
1062 3990 1244 4054 medicinam

96 4092 140 4151 ita
167 4091 208 4150 ab
237 4096 401 4174 astrologia
430 4113 627 4178 separarunt,
660 4112 694 4162 ut
710 4101 753 4160 in
776 4121 882 4162 eorum
909 4099 1027 4180 placitis
1058 4096 1242 4158 luctationem

96 4197 214 4256 nullam
237 4217 371 4280 unquam
394 4199 433 4263 de
454 4205 610 4266 sententiis
628 4203 816 4281 astrologicis
837 4204 990 4276 lecerunt,
1012 4199 1147 4263 videntes
1161 4198 1241 4258 harro

96 4301 160 4360 sine
178 4297 240 4361 illis
264 4312 293 4362 et
314 4321 402 4382 posse
426 4317 454 4367 et
477 4305 589 4367 debere
617 4308 695 4368 boue
716 4307 893 4385 utiliterque
914 4304 1073 4377 :exerceris
1110 4298 1243 4360 admini-
