<?xml version="1.0" encoding="UTF-8"?>
<!DOCTYPE html PUBLIC "-//W3C//DTD XHTML 1.0 Transitional//EN"
    "http://www.w3.org/TR/xhtml1/DTD/xhtml1-transitional.dtd">
<html xmlns="http://www.w3.org/1999/xhtml" xml:lang="en" lang="en">
 <head>
  <title>
</title>
<meta http-equiv="Content-Type" content="text/html;charset=utf-8" />
  <meta name='ocr-system' content='tesseract 3.04.00' />
  <meta name='ocr-capabilities' content='ocr_page ocr_carea ocr_par ocr_line ocrx_word'/>
</head>
<body>
  <div class='ocr_page' id='page_1' title='image "./dieltestenschri00fuchgoog_0303.png"; bbox 0 0 2806 4800; ppageno 0'>
   <div class='ocr_carea' id='block_1_1' title="bbox 659 267 735 340">
    <p class='ocr_par' dir='ltr' id='par_1_1' title="bbox 659 267 735 340">
     <span class='ocr_line' id='line_1_1' title="bbox 659 267 735 340; baseline 0 -1"><span class='ocrx_word' id='word_1_1' title='bbox 659 267 735 340; x_wconf 77' lang='lat'><strong>276</strong></span> 
     </span>
    </p>
   </div>
   <div class='ocr_carea' id='block_1_2' title="bbox 91 448 1285 4236">
    <p class='ocr_par' dir='ltr' id='par_1_2' title="bbox 129 448 1281 743">
     <span class='ocr_line' id='line_1_2' title="bbox 216 448 1281 524; baseline -0.008 -1"><span class='ocrx_word' id='word_1_2' title='bbox 216 462 324 524; x_wconf 78' lang='lat' dir='ltr'><strong>Deinde</strong></span> <span class='ocrx_word' id='word_1_3' title='bbox 356 481 421 521; x_wconf 87' lang='lat' dir='ltr'><strong>cum</strong></span> <span class='ocrx_word' id='word_1_4' title='bbox 450 459 657 519; x_wconf 76' lang='lat' dir='ltr'><strong>conditionotim</strong></span> <span class='ocrx_word' id='word_1_5' title='bbox 684 468 738 517; x_wconf 90' lang='lat' dir='ltr'><strong>etc.</strong></span> <span class='ocrx_word' id='word_1_6' title='bbox 761 488 802 501; x_wconf 91' lang='lat'><strong>·-</strong></span> <span class='ocrx_word' id='word_1_7' title='bbox 852 453 925 516; x_wconf 86' lang='lat' dir='ltr'><strong>Non</strong></span> <span class='ocrx_word' id='word_1_8' title='bbox 946 448 1086 515; x_wconf 88' lang='lat' dir='ltr'><strong>dellunnt</strong></span> <span class='ocrx_word' id='word_1_9' title='bbox 1118 464 1152 515; x_wconf 89' lang='lat' dir='ltr'><strong>ut</strong></span> <span class='ocrx_word' id='word_1_10' title='bbox 1182 455 1281 517; x_wconf 80' lang='lat' dir='ltr'><strong>rerba</strong></span> 
     </span>
     <span class='ocr_line' id='line_1_3' title="bbox 129 558 1281 641; baseline -0.002 -19"><span class='ocrx_word' id='word_1_11' title='bbox 129 561 258 641; x_wconf 88' lang='lat' dir='ltr'><strong>scripta,</strong></span> <span class='ocrx_word' id='word_1_12' title='bbox 286 560 358 624; x_wconf 88' lang='lat' dir='ltr'><strong>ideo</strong></span> <span class='ocrx_word' id='word_1_13' title='bbox 387 559 428 623; x_wconf 87' lang='lat' dir='ltr'><strong>ad</strong></span> <span class='ocrx_word' id='word_1_14' title='bbox 453 561 678 623; x_wconf 68' lang='lat' dir='ltr'><strong>conclusionem</strong></span> <span class='ocrx_word' id='word_1_15' title='bbox 712 558 844 638; x_wconf 92' lang='lat' dir='ltr'><strong>primam</strong></span> <span class='ocrx_word' id='word_1_16' title='bbox 875 559 1008 636; x_wconf 83' lang='lat' dir='ltr'><strong>legentes</strong></span> <span class='ocrx_word' id='word_1_17' title='bbox 1037 558 1113 619; x_wconf 82' lang='lat' dir='ltr'><strong>llaec</strong></span> <span class='ocrx_word' id='word_1_18' title='bbox 1142 559 1281 620; x_wconf 85' lang='lat' dir='ltr'><strong>remitto.</strong></span> 
     </span>
     <span class='ocr_line' id='line_1_4' title="bbox 129 657 809 743; baseline -0.012 -15"><span class='ocrx_word' id='word_1_19' title='bbox 129 662 190 728; x_wconf 85' lang='lat' dir='ltr'><strong>Sed</strong></span> <span class='ocrx_word' id='word_1_20' title='bbox 211 664 328 727; x_wconf 84' lang='lat' dir='ltr'><strong>utinam</strong></span> <span class='ocrx_word' id='word_1_21' title='bbox 350 683 411 725; x_wconf 88' lang='lat' dir='ltr'><strong>non</strong></span> <span class='ocrx_word' id='word_1_22' title='bbox 432 662 641 743; x_wconf 78' lang='lat' dir='ltr'><strong>perfricuisses</strong></span> <span class='ocrx_word' id='word_1_23' title='bbox 661 657 809 723; x_wconf 83' lang='lat' dir='ltr'><strong>frontem!</strong></span> 
     </span>
    </p>

    <p class='ocr_par' dir='ltr' id='par_1_3' title="bbox 128 763 1280 1049">
     <span class='ocr_line' id='line_1_5' title="bbox 218 763 1280 843; baseline -0.004 -14"><span class='ocrx_word' id='word_1_24' title='bbox 218 769 355 829; x_wconf 81' lang='lat' dir='ltr'><strong>Mordacs&#39;</strong></span> <span class='ocrx_word' id='word_1_25' title='bbox 371 780 419 829; x_wconf 89' lang='lat' dir='ltr'><strong>tuo</strong></span> <span class='ocrx_word' id='word_1_26' title='bbox 441 789 490 827; x_wconf 84' lang='lat' dir='ltr'><strong>ore</strong></span> <span class='ocrx_word' id='word_1_27' title='bbox 511 778 565 827; x_wconf 87' lang='lat' dir='ltr'><strong>etc.</strong></span> <span class='ocrx_word' id='word_1_28' title='bbox 586 797 629 811; x_wconf 93' lang='lat'>-</span> <span class='ocrx_word' id='word_1_29' title='bbox 681 763 886 843; x_wconf 87' lang='lat' dir='ltr'><strong>Culparimus</strong></span> <span class='ocrx_word' id='word_1_30' title='bbox 912 775 992 824; x_wconf 88' lang='lat' dir='ltr'><strong>certe</strong></span> <span class='ocrx_word' id='word_1_31' title='bbox 1022 783 1085 824; x_wconf 90' lang='lat' dir='ltr'><strong>non</strong></span> <span class='ocrx_word' id='word_1_32' title='bbox 1111 764 1189 838; x_wconf 84' lang='lat' dir='ltr'><strong>lton,</strong></span> <span class='ocrx_word' id='word_1_33' title='bbox 1223 763 1280 825; x_wconf 88' lang='lat' dir='ltr'><strong>sed</strong></span> 
     </span>
     <span class='ocr_line' id='line_1_6' title="bbox 128 861 1279 949; baseline -0.003 -19"><span class='ocrx_word' id='word_1_34' title='bbox 128 865 219 943; x_wconf 91' lang='lat' dir='ltr'><strong>illud,</strong></span> <span class='ocrx_word' id='word_1_35' title='bbox 239 865 326 949; x_wconf 90' lang='lat' dir='ltr'><strong>qnod</strong></span> <span class='ocrx_word' id='word_1_36' title='bbox 345 866 561 944; x_wconf 68' lang='lat' dir='ltr'><strong>aegrotationis</strong></span> <span class='ocrx_word' id='word_1_37' title='bbox 581 864 804 940; x_wconf 86' lang='lat' dir='ltr'><strong>diffinitionem,</strong></span> <span class='ocrx_word' id='word_1_38' title='bbox 827 861 1013 945; x_wconf 85' lang='lat' dir='ltr'><strong>quadicitur</strong></span> <span class='ocrx_word' id='word_1_39' title='bbox 1032 861 1193 943; x_wconf 71' lang='lat' dir='ltr'>dispositio</span> <span class='ocrx_word' id='word_1_40' title='bbox 1213 887 1279 928; x_wconf 88' lang='lat' dir='ltr'><strong>non</strong></span> 
     </span>
     <span class='ocr_line' id='line_1_7' title="bbox 131 967 1278 1049; baseline -0.003 -16"><span class='ocrx_word' id='word_1_41' title='bbox 131 971 278 1033; x_wconf 87' lang='lat' dir='ltr'><strong>naturalis</strong></span> <span class='ocrx_word' id='word_1_42' title='bbox 296 970 330 1031; x_wconf 92' lang='lat' dir='ltr'><strong>in</strong></span> <span class='ocrx_word' id='word_1_43' title='bbox 351 988 479 1049; x_wconf 90' lang='lat' dir='ltr'><strong>corpore</strong></span> <span class='ocrx_word' id='word_1_44' title='bbox 500 971 657 1044; x_wconf 88' lang='lat' dir='ltr'><strong>humano,</strong></span> <span class='ocrx_word' id='word_1_45' title='bbox 688 990 728 1030; x_wconf 84' lang='lat' dir='ltr'><strong>ex</strong></span> <span class='ocrx_word' id='word_1_46' title='bbox 749 987 811 1049; x_wconf 81' lang='lat' dir='ltr'><strong>qna</strong></span> <span class='ocrx_word' id='word_1_47' title='bbox 831 967 975 1046; x_wconf 84' lang='lat' dir='ltr'><strong>provenit</strong></span> <span class='ocrx_word' id='word_1_48' title='bbox 1002 981 1222 1029; x_wconf 72' lang='lat' dir='ltr'><strong>nocumentum</strong></span> <span class='ocrx_word' id='word_1_49' title='bbox 1245 971 1278 1030; x_wconf 91' lang='lat' dir='ltr'><strong>in</strong></span> 
     </span>
    </p>

    <p class='ocr_par' dir='ltr' id='par_1_4' title="bbox 91 1070 1280 3105">
     <span class='ocr_line' id='line_1_8' title="bbox 130 1070 1279 1155; baseline -0.003 -19"><span class='ocrx_word' id='word_1_50' title='bbox 130 1075 307 1155; x_wconf 75' lang='lat' dir='ltr'><strong>operatione</strong></span> <span class='ocrx_word' id='word_1_51' title='bbox 329 1086 480 1154; x_wconf 84' lang='lat' dir='ltr'><strong>proventu</strong></span> <span class='ocrx_word' id='word_1_52' title='bbox 501 1072 620 1151; x_wconf 89' lang='lat' dir='ltr'><strong>primo,</strong></span> <span class='ocrx_word' id='word_1_53' title='bbox 640 1071 680 1132; x_wconf 89' lang='lat' dir='ltr'><strong>ab</strong></span> <span class='ocrx_word' id='word_1_54' title='bbox 694 1071 853 1133; x_wconf 75' lang='lat' dir='ltr'><strong>Auernus</strong></span> <span class='ocrx_word' id='word_1_55' title='bbox 876 1070 952 1149; x_wconf 90' lang='lat' dir='ltr'><strong>poni</strong></span> <span class='ocrx_word' id='word_1_56' title='bbox 962 1070 1123 1148; x_wconf 87' lang='lat' dir='ltr'><strong>negavisti,</strong></span> <span class='ocrx_word' id='word_1_57' title='bbox 1142 1084 1174 1132; x_wconf 88' lang='lat' dir='ltr'><strong>et</strong></span> <span class='ocrx_word' id='word_1_58' title='bbox 1191 1071 1279 1153; x_wconf 84' lang='lat' dir='ltr'><strong>quod</strong></span> 
     </span>
     <span class='ocr_line' id='line_1_9' title="bbox 91 1158 1280 1256; baseline 0 -19"><span class='ocrx_word' id='word_1_59' title='bbox 91 1158 94 1163; x_wconf 37' lang='lat'>⁵</span> <span class='ocrx_word' id='word_1_60' title='bbox 130 1198 170 1238; x_wconf 90' lang='lat' dir='ltr'><strong>ue</strong></span> <span class='ocrx_word' id='word_1_61' title='bbox 191 1179 290 1239; x_wconf 90' lang='lat' dir='ltr'><strong>ullum</strong></span> <span class='ocrx_word' id='word_1_62' title='bbox 311 1195 449 1256; x_wconf 89' lang='lat' dir='ltr'><strong>unquam</strong></span> <span class='ocrx_word' id='word_1_63' title='bbox 468 1174 636 1235; x_wconf 90' lang='lat' dir='ltr'><strong>illustrium</strong></span> <span class='ocrx_word' id='word_1_64' title='bbox 657 1170 863 1247; x_wconf 88' lang='lat' dir='ltr'><strong>medicorum,</strong></span> <span class='ocrx_word' id='word_1_65' title='bbox 889 1182 925 1232; x_wconf 91' lang='lat' dir='ltr'><strong>ut</strong></span> <span class='ocrx_word' id='word_1_66' title='bbox 945 1171 1060 1247; x_wconf 88' lang='lat' dir='ltr'><strong>iacent,</strong></span> <span class='ocrx_word' id='word_1_67' title='bbox 1079 1170 1166 1236; x_wconf 89' lang='lat' dir='ltr'><strong>ducis</strong></span> <span class='ocrx_word' id='word_1_68' title='bbox 1185 1177 1280 1236; x_wconf 85' lang='lat' dir='ltr'><strong>susti·</strong></span> 
     </span>
     <span class='ocr_line' id='line_1_10' title="bbox 131 1274 1279 1357; baseline -0.003 -16"><span class='ocrx_word' id='word_1_69' title='bbox 131 1277 283 1355; x_wconf 90' lang='lat' dir='ltr'><strong>nendum,</strong></span> <span class='ocrx_word' id='word_1_70' title='bbox 312 1275 365 1339; x_wconf 91' lang='lat' dir='ltr'><strong>sed</strong></span> <span class='ocrx_word' id='word_1_71' title='bbox 387 1277 526 1355; x_wconf 83' lang='lat' dir='ltr'><strong>confugis</strong></span> <span class='ocrx_word' id='word_1_72' title='bbox 547 1277 663 1357; x_wconf 83' lang='lat' dir='ltr'><strong>ubique</strong></span> <span class='ocrx_word' id='word_1_73' title='bbox 682 1274 722 1336; x_wconf 90' lang='lat' dir='ltr'><strong>ad</strong></span> <span class='ocrx_word' id='word_1_74' title='bbox 743 1277 833 1338; x_wconf 80' lang='lat' dir='ltr'><strong>falsas</strong></span> <span class='ocrx_word' id='word_1_75' title='bbox 851 1287 881 1336; x_wconf 90' lang='lat' dir='ltr'><strong>et</strong></span> <span class='ocrx_word' id='word_1_76' title='bbox 909 1277 1131 1337; x_wconf 85' lang='lat' dir='ltr'><strong>commenticias</strong></span> <span class='ocrx_word' id='word_1_77' title='bbox 1152 1280 1279 1356; x_wconf 84' lang='lat' dir='ltr'><strong>glossas,</strong></span> 
     </span>
     <span class='ocr_line' id='line_1_11' title="bbox 132 1380 1277 1465; baseline 0.001 -24"><span class='ocrx_word' id='word_1_78' title='bbox 132 1382 204 1444; x_wconf 85' lang='lat' dir='ltr'><strong>facis</strong></span> <span class='ocrx_word' id='word_1_79' title='bbox 224 1403 348 1465; x_wconf 88' lang='lat' dir='ltr'><strong>quoque</strong></span> <span class='ocrx_word' id='word_1_80' title='bbox 368 1383 424 1442; x_wconf 93' lang='lat' dir='ltr'><strong>tibi</strong></span> <span class='ocrx_word' id='word_1_81' title='bbox 446 1395 550 1443; x_wconf 85' lang='lat' dir='ltr'><strong>contra</strong></span> <span class='ocrx_word' id='word_1_82' title='bbox 570 1392 707 1442; x_wconf 88' lang='lat' dir='ltr'><strong>auctores</strong></span> <span class='ocrx_word' id='word_1_83' title='bbox 728 1380 792 1443; x_wconf 88' lang='lat' dir='ltr'><strong>viru</strong></span> <span class='ocrx_word' id='word_1_84' title='bbox 812 1380 845 1440; x_wconf 92' lang='lat' dir='ltr'><strong>in</strong></span> <span class='ocrx_word' id='word_1_85' title='bbox 867 1381 1006 1457; x_wconf 90' lang='lat' dir='ltr'><strong>nomine,</strong></span> <span class='ocrx_word' id='word_1_86' title='bbox 1035 1381 1091 1440; x_wconf 90' lang='lat' dir='ltr'><strong>ubi</strong></span> <span class='ocrx_word' id='word_1_87' title='bbox 1110 1401 1201 1461; x_wconf 89' lang='lat' dir='ltr'><strong>saepe</strong></span> <span class='ocrx_word' id='word_1_88' title='bbox 1230 1382 1277 1442; x_wconf 89' lang='lat' dir='ltr'><strong>vis</strong></span> 
     </span>
     <span class='ocr_line' id='line_1_12' title="bbox 132 1483 1279 1567; baseline -0.001 -23"><span class='ocrx_word' id='word_1_89' title='bbox 132 1487 217 1545; x_wconf 86' lang='lat' dir='ltr'><strong>nulla</strong></span> <span class='ocrx_word' id='word_1_90' title='bbox 248 1498 311 1561; x_wconf 88' lang='lat' dir='ltr'><strong>est,</strong></span> <span class='ocrx_word' id='word_1_91' title='bbox 340 1506 376 1545; x_wconf 93' lang='lat' dir='ltr'><strong>ac</strong></span> <span class='ocrx_word' id='word_1_92' title='bbox 401 1485 467 1561; x_wconf 90' lang='lat' dir='ltr'><strong>his,</strong></span> <span class='ocrx_word' id='word_1_93' title='bbox 495 1504 574 1567; x_wconf 90' lang='lat' dir='ltr'><strong>quos</strong></span> <span class='ocrx_word' id='word_1_94' title='bbox 600 1483 716 1563; x_wconf 88' lang='lat' dir='ltr'><strong>carpis,</strong></span> <span class='ocrx_word' id='word_1_95' title='bbox 747 1485 844 1545; x_wconf 90' lang='lat' dir='ltr'><strong>multo</strong></span> <span class='ocrx_word' id='word_1_96' title='bbox 874 1483 963 1564; x_wconf 89' lang='lat' dir='ltr'><strong>peius</strong></span> <span class='ocrx_word' id='word_1_97' title='bbox 991 1483 1093 1545; x_wconf 80' lang='lat' dir='ltr'><strong>sentis.</strong></span> <span class='ocrx_word' id='word_1_98' title='bbox 1139 1483 1222 1545; x_wconf 89' lang='lat' dir='ltr'><strong>Nam</strong></span> <span class='ocrx_word' id='word_1_99' title='bbox 1251 1484 1279 1545; x_wconf 93' lang='lat' dir='ltr'><strong>si</strong></span> 
     </span>
     <span class='ocr_line' id='line_1_13' title="bbox 132 1580 1277 1665; baseline -0.002 -18"><span class='ocrx_word' id='word_1_100' title='bbox 132 1588 230 1665; x_wconf 87' lang='lat' dir='ltr'><strong>glossa</strong></span> <span class='ocrx_word' id='word_1_101' title='bbox 254 1599 307 1647; x_wconf 89' lang='lat' dir='ltr'><strong>tua</strong></span> <span class='ocrx_word' id='word_1_102' title='bbox 328 1587 458 1660; x_wconf 80' lang='lat' dir='ltr'><strong>valeret,</strong></span> <span class='ocrx_word' id='word_1_103' title='bbox 492 1581 650 1665; x_wconf 82' lang='lat' dir='ltr'><strong>aegritudo</strong></span> <span class='ocrx_word' id='word_1_104' title='bbox 672 1596 716 1645; x_wconf 94' lang='grc' dir='ltr'><strong>εει</strong></span> <span class='ocrx_word' id='word_1_105' title='bbox 738 1580 898 1663; x_wconf 73' lang='lat' dir='ltr'><strong>dispositio</strong></span> <span class='ocrx_word' id='word_1_106' title='bbox 926 1604 990 1645; x_wconf 90' lang='lat' dir='ltr'><strong>non</strong></span> <span class='ocrx_word' id='word_1_107' title='bbox 1010 1585 1176 1661; x_wconf 89' lang='lat' dir='ltr'><strong>naturalis,</strong></span> <span class='ocrx_word' id='word_1_108' title='bbox 1204 1586 1227 1645; x_wconf 91' lang='lat' dir='ltr'><strong>i.</strong></span> <span class='ocrx_word' id='word_1_109' title='bbox 1251 1606 1277 1646; x_wconf 88' lang='grc' dir='ltr'><strong>ε.</strong></span> 
     </span>
     <span class='ocr_line' id='line_1_14' title="bbox 132 1682 1278 1767; baseline 0.002 -18"><span class='ocrx_word' id='word_1_110' title='bbox 132 1700 235 1749; x_wconf 88' lang='lat' dir='ltr'><strong>contra</strong></span> <span class='ocrx_word' id='word_1_111' title='bbox 256 1700 397 1750; x_wconf 88' lang='lat' dir='ltr'><strong>naturam</strong></span> <span class='ocrx_word' id='word_1_112' title='bbox 420 1686 533 1749; x_wconf 92' lang='lat' dir='ltr'><strong>additis</strong></span> <span class='ocrx_word' id='word_1_113' title='bbox 553 1686 677 1762; x_wconf 83' lang='lat' dir='ltr'><strong>ceteris3</strong></span> <span class='ocrx_word' id='word_1_114' title='bbox 704 1686 864 1746; x_wconf 76' lang='lat' dir='ltr'><strong>Arrcrnns</strong></span> <span class='ocrx_word' id='word_1_115' title='bbox 890 1682 976 1749; x_wconf 89' lang='lat' dir='ltr'><strong>idem</strong></span> <span class='ocrx_word' id='word_1_116' title='bbox 998 1687 1046 1746; x_wconf 91' lang='lat' dir='ltr'><strong>bis</strong></span> <span class='ocrx_word' id='word_1_117' title='bbox 1074 1699 1227 1767; x_wconf 89' lang='lat' dir='ltr'><strong>repeteret</strong></span> <span class='ocrx_word' id='word_1_118' title='bbox 1245 1701 1278 1751; x_wconf 91' lang='lat' dir='ltr'><strong>et</strong></span> 
     </span>
     <span class='ocr_line' id='line_1_15' title="bbox 132 1785 1277 1869; baseline 0 -17"><span class='ocrx_word' id='word_1_119' title='bbox 132 1804 198 1853; x_wconf 88' lang='lat' dir='ltr'><strong>turn</strong></span> <span class='ocrx_word' id='word_1_120' title='bbox 219 1789 346 1851; x_wconf 84' lang='lat' dir='ltr'><strong>diceret:</strong></span> <span class='ocrx_word' id='word_1_121' title='bbox 369 1787 527 1867; x_wconf 82' lang='lat' dir='ltr'><strong>aegritudo</strong></span> <span class='ocrx_word' id='word_1_122' title='bbox 547 1801 591 1849; x_wconf 90' lang='grc' dir='ltr'><strong>εει</strong></span> <span class='ocrx_word' id='word_1_123' title='bbox 612 1785 787 1866; x_wconf 85' lang='lat' dir='ltr'><strong>aegritudo,</strong></span> <span class='ocrx_word' id='word_1_124' title='bbox 808 1808 849 1848; x_wconf 85' lang='lat' dir='ltr'><strong>ex</strong></span> <span class='ocrx_word' id='word_1_125' title='bbox 870 1808 931 1869; x_wconf 87' lang='lat' dir='ltr'><strong>qua</strong></span> <span class='ocrx_word' id='word_1_126' title='bbox 946 1790 1088 1869; x_wconf 78' lang='lat' dir='ltr'><strong>provenit</strong></span> <span class='ocrx_word' id='word_1_127' title='bbox 1107 1790 1277 1868; x_wconf 81' lang='lat' dir='ltr'><strong>aegritudo.</strong></span> 
     </span>
     <span class='ocr_line' id='line_1_16' title="bbox 131 1892 1278 1973; baseline 0.001 -18"><span class='ocrx_word' id='word_1_128' title='bbox 131 1892 255 1955; x_wconf 89' lang='lat' dir='ltr'><strong>Nollem</strong></span> <span class='ocrx_word' id='word_1_129' title='bbox 278 1905 340 1954; x_wconf 91' lang='lat' dir='ltr'><strong>tam</strong></span> <span class='ocrx_word' id='word_1_130' title='bbox 362 1893 471 1955; x_wconf 85' lang='lat' dir='ltr'><strong>leviter</strong></span> <span class='ocrx_word' id='word_1_131' title='bbox 490 1893 676 1955; x_wconf 74' lang='lat' dir='ltr'><strong>Avrcauuau</strong></span> <span class='ocrx_word' id='word_1_132' title='bbox 698 1912 717 1951; x_wconf 87' lang='lat' dir='ltr'><strong>a</strong></span> <span class='ocrx_word' id='word_1_133' title='bbox 738 1903 768 1952; x_wconf 89' lang='lat' dir='ltr'><strong>te</strong></span> <span class='ocrx_word' id='word_1_134' title='bbox 790 1892 1001 1970; x_wconf 88' lang='lat' dir='ltr'><strong>reprobatum.</strong></span> <span class='ocrx_word' id='word_1_135' title='bbox 1048 1896 1210 1973; x_wconf 82' lang='lat' dir='ltr'><strong>Argutiola</strong></span> <span class='ocrx_word' id='word_1_136' title='bbox 1239 1893 1278 1957; x_wconf 91' lang='lat' dir='ltr'><strong>de</strong></span> 
     </span>
     <span class='ocr_line' id='line_1_17' title="bbox 133 1993 1280 2075; baseline 0.004 -20"><span class='ocrx_word' id='word_1_137' title='bbox 133 1993 337 2058; x_wconf 90' lang='lat' dir='ltr'><strong>accidentibus</strong></span> <span class='ocrx_word' id='word_1_138' title='bbox 360 1996 479 2071; x_wconf 88' lang='lat' dir='ltr'><strong>morbi,</strong></span> <span class='ocrx_word' id='word_1_139' title='bbox 498 2007 533 2056; x_wconf 90' lang='lat' dir='ltr'><strong>ut</strong></span> <span class='ocrx_word' id='word_1_140' title='bbox 553 1995 608 2055; x_wconf 91' lang='lat' dir='ltr'><strong>illa</strong></span> <span class='ocrx_word' id='word_1_141' title='bbox 628 2013 793 2075; x_wconf 87' lang='lat' dir='ltr'><strong>suppresso</strong></span> <span class='ocrx_word' id='word_1_142' title='bbox 815 1995 998 2075; x_wconf 85' lang='lat' dir='ltr'><strong>antigrapho</strong></span> <span class='ocrx_word' id='word_1_143' title='bbox 1023 1993 1062 2056; x_wconf 91' lang='lat' dir='ltr'><strong>de</strong></span> <span class='ocrx_word' id='word_1_144' title='bbox 1083 1997 1280 2060; x_wconf 89' lang='lat' dir='ltr'><strong>neutralitate</strong></span> 
     </span>
     <span class='ocr_line' id='line_1_18' title="bbox 131 2095 1280 2179; baseline 0.002 -20"><span class='ocrx_word' id='word_1_145' title='bbox 131 2100 232 2174; x_wconf 91' lang='lat' dir='ltr'><strong>allata,</strong></span> <span class='ocrx_word' id='word_1_146' title='bbox 251 2118 349 2178; x_wconf 89' lang='lat' dir='ltr'><strong>aeque</strong></span> <span class='ocrx_word' id='word_1_147' title='bbox 367 2098 467 2159; x_wconf 92' lang='lat' dir='ltr'><strong>tenuis</strong></span> <span class='ocrx_word' id='word_1_148' title='bbox 490 2108 544 2173; x_wconf 90' lang='lat' dir='ltr'><strong>est,</strong></span> <span class='ocrx_word' id='word_1_149' title='bbox 565 2096 713 2177; x_wconf 90' lang='lat' dir='ltr'><strong>quoniam</strong></span> <span class='ocrx_word' id='word_1_150' title='bbox 734 2095 816 2157; x_wconf 88' lang='lat' dir='ltr'><strong>inter</strong></span> <span class='ocrx_word' id='word_1_151' title='bbox 836 2108 896 2157; x_wconf 90' lang='lat' dir='ltr'><strong>tres</strong></span> <span class='ocrx_word' id='word_1_152' title='bbox 906 2098 1044 2176; x_wconf 89' lang='lat' dir='ltr'><strong>corporis</strong></span> <span class='ocrx_word' id='word_1_153' title='bbox 1054 2095 1280 2179; x_wconf 89' lang='lat' dir='ltr'><strong>dispositiones,</strong></span> 
     </span>
     <span class='ocr_line' id='line_1_19' title="bbox 130 2198 1279 2278; baseline -0.003 -14"><span class='ocrx_word' id='word_1_154' title='bbox 130 2203 298 2275; x_wconf 89' lang='lat' dir='ltr'><strong>sanitatem,</strong></span> <span class='ocrx_word' id='word_1_155' title='bbox 320 2198 554 2278; x_wconf 87' lang='lat' dir='ltr'><strong>aegritudinem,</strong></span> <span class='ocrx_word' id='word_1_156' title='bbox 575 2199 808 2275; x_wconf 88' lang='lat' dir='ltr'><strong>neutralitatem,</strong></span> <span class='ocrx_word' id='word_1_157' title='bbox 827 2200 929 2260; x_wconf 92' lang='lat' dir='ltr'><strong>morbi</strong></span> <span class='ocrx_word' id='word_1_158' title='bbox 939 2198 1106 2262; x_wconf 89' lang='lat' dir='ltr'><strong>accidentia</strong></span> <span class='ocrx_word' id='word_1_159' title='bbox 1117 2221 1180 2263; x_wconf 91' lang='lat' dir='ltr'><strong>non</strong></span> <span class='ocrx_word' id='word_1_160' title='bbox 1195 2221 1279 2262; x_wconf 90' lang='lat' dir='ltr'><strong>com·</strong></span> 
     </span>
     <span class='ocr_line' id='line_1_20' title="bbox 131 2299 1279 2384; baseline 0.002 -19"><span class='ocrx_word' id='word_1_161' title='bbox 131 2315 280 2384; x_wconf 90' lang='lat' dir='ltr'><strong>putantur</strong></span> <span class='ocrx_word' id='word_1_162' title='bbox 298 2314 328 2362; x_wconf 92' lang='lat' dir='ltr'><strong>et</strong></span> <span class='ocrx_word' id='word_1_163' title='bbox 352 2322 400 2362; x_wconf 90' lang='lat' dir='ltr'><strong>res</strong></span> <span class='ocrx_word' id='word_1_164' title='bbox 423 2321 517 2382; x_wconf 90' lang='lat' dir='ltr'><strong>quam</strong></span> <span class='ocrx_word' id='word_1_165' title='bbox 547 2299 706 2381; x_wconf 84' lang='lat' dir='ltr'><strong>dispositio</strong></span> <span class='ocrx_word' id='word_1_166' title='bbox 736 2313 841 2363; x_wconf 85' lang='lat' dir='ltr'><strong>contra</strong></span> <span class='ocrx_word' id='word_1_167' title='bbox 870 2314 1011 2364; x_wconf 87' lang='lat' dir='ltr'><strong>naturam</strong></span> <span class='ocrx_word' id='word_1_168' title='bbox 1032 2303 1209 2366; x_wconf 71' lang='lat' dir='ltr'><strong>nummu</strong></span> <span class='ocrx_word' id='word_1_169' title='bbox 1234 2317 1279 2367; x_wconf 89' lang='grc' dir='ltr'><strong>εει</strong></span> 
     </span>
     <span class='ocr_line' id='line_1_21' title="bbox 133 2401 1277 2484; baseline -0.001 -18"><span class='ocrx_word' id='word_1_170' title='bbox 133 2405 339 2467; x_wconf 90' lang='lat' dir='ltr'><strong>communior:</strong></span> <span class='ocrx_word' id='word_1_171' title='bbox 374 2403 417 2464; x_wconf 91' lang='lat' dir='ltr'><strong>ita</strong></span> <span class='ocrx_word' id='word_1_172' title='bbox 436 2401 608 2483; x_wconf 90' lang='lat' dir='ltr'><strong>respondeo</strong></span> <span class='ocrx_word' id='word_1_173' title='bbox 638 2425 697 2484; x_wconf 89' lang='lat' dir='ltr'><strong>pro</strong></span> <span class='ocrx_word' id='word_1_174' title='bbox 718 2407 887 2467; x_wconf 72' lang='lat' dir='ltr'><strong>Auernus.</strong></span> <span class='ocrx_word' id='word_1_175' title='bbox 938 2406 978 2467; x_wconf 83' lang='lat' dir='ltr'><strong>At</strong></span> <span class='ocrx_word' id='word_1_176' title='bbox 999 2404 1198 2469; x_wconf 87' lang='lat' dir='ltr'><strong>concedamus</strong></span> <span class='ocrx_word' id='word_1_177' title='bbox 1221 2407 1277 2468; x_wconf 92' lang='lat' dir='ltr'><strong>tibi</strong></span> 
     </span>
     <span class='ocr_line' id='line_1_22' title="bbox 133 2504 1277 2591; baseline 0.001 -20"><span class='ocrx_word' id='word_1_178' title='bbox 133 2510 226 2589; x_wconf 90' lang='lat' dir='ltr'><strong>gratis</strong></span> <span class='ocrx_word' id='word_1_179' title='bbox 246 2518 360 2570; x_wconf 87' lang='lat' dir='ltr'><strong>tantam</strong></span> <span class='ocrx_word' id='word_1_180' title='bbox 382 2508 445 2570; x_wconf 84' lang='lat' dir='ltr'><strong>vim</strong></span> <span class='ocrx_word' id='word_1_181' title='bbox 466 2508 617 2586; x_wconf 90' lang='lat' dir='ltr'><strong>nominis,</strong></span> <span class='ocrx_word' id='word_1_182' title='bbox 638 2506 724 2591; x_wconf 93' lang='lat' dir='ltr'><strong>quod</strong></span> <span class='ocrx_word' id='word_1_183' title='bbox 746 2509 785 2569; x_wconf 92' lang='lat' dir='ltr'><strong>ab</strong></span> <span class='ocrx_word' id='word_1_184' title='bbox 797 2510 957 2571; x_wconf 80' lang='lat' dir='ltr'><strong>Arrcrrua</strong></span> <span class='ocrx_word' id='word_1_185' title='bbox 978 2521 1008 2571; x_wconf 92' lang='grc' dir='ltr'><strong>ιε</strong></span> <span class='ocrx_word' id='word_1_186' title='bbox 1029 2508 1109 2588; x_wconf 91' lang='lat' dir='ltr'><strong>cogit</strong></span> <span class='ocrx_word' id='word_1_187' title='bbox 1127 2504 1277 2585; x_wconf 79' lang='lat' dir='ltr'><strong>recedere,</strong></span> 
     </span>
     <span class='ocr_line' id='line_1_23' title="bbox 134 2610 1277 2695; baseline -0.001 -20"><span class='ocrx_word' id='word_1_188' title='bbox 134 2625 164 2675; x_wconf 92' lang='lat' dir='ltr'><strong>et</strong></span> <span class='ocrx_word' id='word_1_189' title='bbox 185 2611 336 2674; x_wconf 84' lang='lat' dir='ltr'><strong>dicamus:</strong></span> <span class='ocrx_word' id='word_1_190' title='bbox 357 2610 515 2690; x_wconf 88' lang='lat' dir='ltr'><strong>aegritudo</strong></span> <span class='ocrx_word' id='word_1_191' title='bbox 537 2624 581 2674; x_wconf 91' lang='grc' dir='ltr'><strong>εει</strong></span> <span class='ocrx_word' id='word_1_192' title='bbox 601 2610 762 2695; x_wconf 82' lang='lat' dir='ltr'><strong>dispositio</strong></span> <span class='ocrx_word' id='word_1_193' title='bbox 783 2624 890 2675; x_wconf 90' lang='lat' dir='ltr'><strong>contra</strong></span> <span class='ocrx_word' id='word_1_194' title='bbox 905 2625 1056 2688; x_wconf 86' lang='lat' dir='ltr'><strong>naturam,</strong></span> <span class='ocrx_word' id='word_1_195' title='bbox 1076 2632 1116 2674; x_wconf 88' lang='lat' dir='ltr'><strong>ex</strong></span> <span class='ocrx_word' id='word_1_196' title='bbox 1127 2633 1190 2695; x_wconf 86' lang='lat' dir='ltr'><strong>qua</strong></span> <span class='ocrx_word' id='word_1_197' title='bbox 1204 2633 1277 2695; x_wconf 93' lang='lat' dir='ltr'><strong>pro-</strong></span> 
     </span>
     <span class='ocr_line' id='line_1_24' title="bbox 132 2714 1278 2799; baseline -0.003 -21"><span class='ocrx_word' id='word_1_198' title='bbox 132 2714 217 2778; x_wconf 84' lang='lat' dir='ltr'><strong>venit</strong></span> <span class='ocrx_word' id='word_1_199' title='bbox 236 2728 453 2779; x_wconf 78' lang='lat' dir='ltr'><strong>nocumentum</strong></span> <span class='ocrx_word' id='word_1_200' title='bbox 474 2714 506 2776; x_wconf 89' lang='lat' dir='ltr'><strong>in</strong></span> <span class='ocrx_word' id='word_1_201' title='bbox 529 2714 706 2796; x_wconf 88' lang='lat' dir='ltr'><strong>operatione</strong></span> <span class='ocrx_word' id='word_1_202' title='bbox 724 2728 876 2799; x_wconf 85' lang='lat' dir='ltr'><strong>proventu</strong></span> <span class='ocrx_word' id='word_1_203' title='bbox 892 2717 1025 2797; x_wconf 58' lang='lat' dir='ltr'><strong>,primos</strong></span> <span class='ocrx_word' id='word_1_204' title='bbox 1047 2716 1149 2798; x_wconf 92' lang='lat' dir='ltr'><strong>sitque</strong></span> <span class='ocrx_word' id='word_1_205' title='bbox 1169 2737 1225 2795; x_wconf 89' lang='lat' dir='ltr'><strong>per</strong></span> <span class='ocrx_word' id='word_1_206' title='bbox 1247 2727 1278 2775; x_wconf 93' lang='lat' dir='ltr'><strong>te</strong></span> 
     </span>
     <span class='ocr_line' id='line_1_25' title="bbox 133 2804 1278 2905; baseline 0 -27"><span class='ocrx_word' id='word_1_207' title='bbox 133 2817 291 2894; x_wconf 89' lang='lat' dir='ltr'><strong>aegritudo</strong></span> <span class='ocrx_word' id='word_1_208' title='bbox 313 2804 511 2880; x_wconf 86' lang='lat' dir='ltr'><strong>essentialiter</strong></span> <span class='ocrx_word' id='word_1_209' title='bbox 532 2819 627 2881; x_wconf 91' lang='lat' dir='ltr'><strong>laesio</strong></span> <span class='ocrx_word' id='word_1_210' title='bbox 656 2820 689 2880; x_wconf 93' lang='lat' dir='ltr'><strong>in</strong></span> <span class='ocrx_word' id='word_1_211' title='bbox 710 2818 896 2901; x_wconf 81' lang='lat' dir='ltr'><strong>operatione.</strong></span> <span class='ocrx_word' id='word_1_212' title='bbox 954 2822 1043 2880; x_wconf 90' lang='lat' dir='ltr'><strong>Tunc</strong></span> <span class='ocrx_word' id='word_1_213' title='bbox 1069 2830 1171 2879; x_wconf 90' lang='lat' dir='ltr'><strong>tamen</strong></span> <span class='ocrx_word' id='word_1_214' title='bbox 1195 2814 1278 2905; x_wconf 67' lang='grc' dir='ltr'><strong>Ιιιὶιιὶι</strong></span> 
     </span>
     <span class='ocr_line' id='line_1_26' title="bbox 133 2918 1280 3001; baseline 0.001 -21"><span class='ocrx_word' id='word_1_215' title='bbox 133 2921 308 2996; x_wconf 76' lang='lat' dir='ltr'><strong>Arrcruua,</strong></span> <span class='ocrx_word' id='word_1_216' title='bbox 330 2921 390 2980; x_wconf 91' lang='lat' dir='ltr'><strong>acsi</strong></span> <span class='ocrx_word' id='word_1_217' title='bbox 411 2918 553 2998; x_wconf 82' lang='lat' dir='ltr'><strong>dixisset,</strong></span> <span class='ocrx_word' id='word_1_218' title='bbox 579 2919 738 3000; x_wconf 88' lang='lat' dir='ltr'><strong>aegritudo</strong></span> <span class='ocrx_word' id='word_1_219' title='bbox 760 2933 805 2983; x_wconf 86' lang='lat' dir='ltr'><strong>est</strong></span> <span class='ocrx_word' id='word_1_220' title='bbox 828 2920 986 3001; x_wconf 83' lang='lat' dir='ltr'><strong>dispositio</strong></span> <span class='ocrx_word' id='word_1_221' title='bbox 1004 2932 1110 2982; x_wconf 90' lang='lat' dir='ltr'><strong>contra</strong></span> <span class='ocrx_word' id='word_1_222' title='bbox 1129 2934 1280 2996; x_wconf 91' lang='lat' dir='ltr'><strong>naturam,</strong></span> 
     </span>
     <span class='ocr_line' id='line_1_27' title="bbox 133 3021 1026 3105; baseline 0.001 -21"><span class='ocrx_word' id='word_1_223' title='bbox 133 3038 173 3084; x_wconf 84' lang='lat' dir='ltr'><strong>ex</strong></span> <span class='ocrx_word' id='word_1_224' title='bbox 195 3042 257 3105; x_wconf 86' lang='lat' dir='ltr'><strong>qua</strong></span> <span class='ocrx_word' id='word_1_225' title='bbox 277 3025 420 3103; x_wconf 85' lang='lat' dir='ltr'><strong>provenit</strong></span> <span class='ocrx_word' id='word_1_226' title='bbox 441 3021 620 3102; x_wconf 87' lang='lat' dir='ltr'><strong>aegritudo:</strong></span> <span class='ocrx_word' id='word_1_227' title='bbox 641 3036 674 3086; x_wconf 87' lang='lat' dir='ltr'><strong>et</strong></span> <span class='ocrx_word' id='word_1_228' title='bbox 690 3024 737 3084; x_wconf 90' lang='lat' dir='ltr'><strong>ibi</strong></span> <span class='ocrx_word' id='word_1_229' title='bbox 751 3022 865 3104; x_wconf 89' lang='lat' dir='ltr'><strong>pendet</strong></span> <span class='ocrx_word' id='word_1_230' title='bbox 885 3026 982 3103; x_wconf 88' lang='lat' dir='ltr'><strong>lepus.</strong></span> <span class='ocrx_word' id='word_1_231' title='bbox 1022 3048 1026 3057; x_wconf 89' lang='lat'><em>·</em></span> 
     </span>
    </p>

    <p class='ocr_par' dir='ltr' id='par_1_5' title="bbox 132 3126 1285 4236">
     <span class='ocr_line' id='line_1_28' title="bbox 219 3126 1281 3211; baseline 0 -20"><span class='ocrx_word' id='word_1_232' title='bbox 219 3131 291 3191; x_wconf 77' lang='lat' dir='ltr'><strong>Diui</strong></span> <span class='ocrx_word' id='word_1_233' title='bbox 315 3133 421 3191; x_wconf 84' lang='lat' dir='ltr'><strong>malum</strong></span> <span class='ocrx_word' id='word_1_234' title='bbox 434 3130 573 3211; x_wconf 70' lang='lat' dir='ltr'><strong>francum</strong></span> <span class='ocrx_word' id='word_1_235' title='bbox 597 3143 652 3191; x_wconf 89' lang='lat' dir='ltr'><strong>etc.</strong></span> <span class='ocrx_word' id='word_1_236' title='bbox 674 3163 717 3176; x_wconf 90' lang='lat'>-</span> <span class='ocrx_word' id='word_1_237' title='bbox 760 3129 956 3207; x_wconf 87' lang='lat' dir='ltr'><strong>Figmentum</strong></span> <span class='ocrx_word' id='word_1_238' title='bbox 985 3140 1044 3189; x_wconf 83' lang='lat' dir='ltr'><strong>est:</strong></span> <span class='ocrx_word' id='word_1_239' title='bbox 1073 3126 1168 3188; x_wconf 87' lang='lat' dir='ltr'><strong>huius</strong></span> <span class='ocrx_word' id='word_1_240' title='bbox 1199 3128 1281 3191; x_wconf 88' lang='lat' dir='ltr'><strong>enim</strong></span> 
     </span>
     <span class='ocr_line' id='line_1_29' title="bbox 132 3228 1283 3313; baseline -0.001 -19"><span class='ocrx_word' id='word_1_241' title='bbox 132 3232 287 3294; x_wconf 92' lang='lat' dir='ltr'><strong>occasione</strong></span> <span class='ocrx_word' id='word_1_242' title='bbox 308 3254 450 3311; x_wconf 87' lang='lat' dir='ltr'><strong>praesens</strong></span> <span class='ocrx_word' id='word_1_243' title='bbox 471 3232 636 3313; x_wconf 88' lang='lat' dir='ltr'><strong>disputatio</strong></span> <span class='ocrx_word' id='word_1_244' title='bbox 653 3251 714 3312; x_wconf 90' lang='lat' dir='ltr'><strong>pro</strong></span> <span class='ocrx_word' id='word_1_245' title='bbox 736 3232 913 3294; x_wconf 75' lang='lat' dir='ltr'><strong>Arrcrurnn</strong></span> <span class='ocrx_word' id='word_1_246' title='bbox 940 3228 972 3291; x_wconf 92' lang='lat' dir='ltr'><strong>id</strong></span> <span class='ocrx_word' id='word_1_247' title='bbox 994 3231 1155 3292; x_wconf 88' lang='lat' dir='ltr'><strong>asserentis</strong></span> <span class='ocrx_word' id='word_1_248' title='bbox 1177 3229 1283 3294; x_wconf 89' lang='lat' dir='ltr'><strong>delen·</strong></span> 
     </span>
     <span class='ocr_line' id='line_1_30' title="bbox 133 3333 1283 3417; baseline 0 -21"><span class='ocrx_word' id='word_1_249' title='bbox 133 3336 219 3396; x_wconf 89' lang='lat' dir='ltr'><strong>sione</strong></span> <span class='ocrx_word' id='word_1_250' title='bbox 238 3337 361 3396; x_wconf 88' lang='lat' dir='ltr'><strong>initium</strong></span> <span class='ocrx_word' id='word_1_251' title='bbox 384 3339 522 3417; x_wconf 87' lang='lat' dir='ltr'><strong>sumpsit.</strong></span> <span class='ocrx_word' id='word_1_252' title='bbox 565 3334 626 3398; x_wconf 90' lang='lat' dir='ltr'><strong>Sed</strong></span> <span class='ocrx_word' id='word_1_253' title='bbox 648 3333 773 3417; x_wconf 90' lang='lat' dir='ltr'><strong>quando</strong></span> <span class='ocrx_word' id='word_1_254' title='bbox 794 3338 910 3397; x_wconf 90' lang='lat' dir='ltr'><strong>malum</strong></span> <span class='ocrx_word' id='word_1_255' title='bbox 935 3336 1100 3396; x_wconf 77' lang='lat' dir='ltr'><strong>francicum</strong></span> <span class='ocrx_word' id='word_1_256' title='bbox 1117 3354 1174 3414; x_wconf 92' lang='lat' dir='ltr'><strong>per</strong></span> <span class='ocrx_word' id='word_1_257' title='bbox 1188 3347 1218 3396; x_wconf 91' lang='lat' dir='ltr'><strong>te</strong></span> <span class='ocrx_word' id='word_1_258' title='bbox 1239 3347 1283 3396; x_wconf 91' lang='lat' dir='ltr'><strong>est</strong></span> 
     </span>
     <span class='ocr_line' id='line_1_31' title="bbox 132 3434 1282 3522; baseline 0.001 -24"><span class='ocrx_word' id='word_1_259' title='bbox 132 3440 292 3518; x_wconf 86' lang='lat' dir='ltr'><strong>pustulae,</strong></span> <span class='ocrx_word' id='word_1_260' title='bbox 313 3441 527 3501; x_wconf 85' lang='lat' dir='ltr'><strong>exanthemata</strong></span> <span class='ocrx_word' id='word_1_261' title='bbox 547 3441 598 3502; x_wconf 84' lang='lat' dir='ltr'><strong>vel</strong></span> <span class='ocrx_word' id='word_1_262' title='bbox 618 3434 795 3500; x_wconf 83' lang='lat' dir='ltr'><strong>alhumeras</strong></span> <span class='ocrx_word' id='word_1_263' title='bbox 814 3436 1020 3522; x_wconf 78' lang='lat' dir='ltr'><strong>epidemicas,</strong></span> <span class='ocrx_word' id='word_1_264' title='bbox 1054 3458 1134 3519; x_wconf 89' lang='lat' dir='ltr'><strong>quae</strong></span> <span class='ocrx_word' id='word_1_265' title='bbox 1153 3456 1211 3500; x_wconf 90' lang='lat' dir='ltr'><strong>sua</strong></span> <span class='ocrx_word' id='word_1_266' title='bbox 1233 3440 1282 3502; x_wconf 88' lang='lat' dir='ltr'><strong>vel</strong></span> 
     </span>
     <span class='ocr_line' id='line_1_32' title="bbox 133 3538 1281 3621; baseline 0.001 -22"><span class='ocrx_word' id='word_1_267' title='bbox 133 3541 215 3599; x_wconf 87' lang='lat' dir='ltr'><strong>mala</strong></span> <span class='ocrx_word' id='word_1_268' title='bbox 235 3539 393 3619; x_wconf 85' lang='lat' dir='ltr'><strong>qualitate,</strong></span> <span class='ocrx_word' id='word_1_269' title='bbox 414 3544 463 3603; x_wconf 83' lang='lat' dir='ltr'><strong>vel</strong></span> <span class='ocrx_word' id='word_1_270' title='bbox 484 3538 631 3602; x_wconf 88' lang='lat' dir='ltr'><strong>solvendo</strong></span> <span class='ocrx_word' id='word_1_271' title='bbox 652 3541 831 3603; x_wconf 90' lang='lat' dir='ltr'><strong>continuum</strong></span> <span class='ocrx_word' id='word_1_272' title='bbox 853 3539 997 3618; x_wconf 88' lang='lat' dir='ltr'><strong>laedunt,</strong></span> <span class='ocrx_word' id='word_1_273' title='bbox 1021 3554 1050 3602; x_wconf 91' lang='lat' dir='ltr'><strong>et</strong></span> <span class='ocrx_word' id='word_1_274' title='bbox 1071 3543 1129 3602; x_wconf 91' lang='lat' dir='ltr'><strong>hae</strong></span> <span class='ocrx_word' id='word_1_275' title='bbox 1148 3538 1281 3621; x_wconf 84' lang='lat' dir='ltr'><strong>disposi-</strong></span> 
     </span>
     <span class='ocr_line' id='line_1_33' title="bbox 133 3641 1279 3727; baseline -0.003 -23"><span class='ocrx_word' id='word_1_276' title='bbox 133 3642 231 3704; x_wconf 90' lang='lat' dir='ltr'><strong>tiones</strong></span> <span class='ocrx_word' id='word_1_277' title='bbox 251 3661 343 3702; x_wconf 88' lang='lat' dir='ltr'><strong>rerae</strong></span> <span class='ocrx_word' id='word_1_278' title='bbox 372 3655 443 3702; x_wconf 88' lang='lat' dir='ltr'><strong>sunt</strong></span> <span class='ocrx_word' id='word_1_279' title='bbox 472 3641 695 3722; x_wconf 70' lang='lat' dir='ltr'><strong>aegritudines,</strong></span> <span class='ocrx_word' id='word_1_280' title='bbox 735 3642 892 3727; x_wconf 91' lang='lat' dir='ltr'><strong>quomodo</strong></span> <span class='ocrx_word' id='word_1_281' title='bbox 921 3665 994 3722; x_wconf 88' lang='lat' dir='ltr'><strong>ergo</strong></span> <span class='ocrx_word' id='word_1_282' title='bbox 1024 3642 1279 3705; x_wconf 83' lang='lat' dir='ltr'><strong>malumfranci·</strong></span> 
     </span>
     <span class='ocr_line' id='line_1_34' title="bbox 133 3742 1273 3826; baseline -0.004 -20"><span class='ocrx_word' id='word_1_283' title='bbox 133 3766 202 3806; x_wconf 89' lang='lat' dir='ltr'><strong>cum</strong></span> <span class='ocrx_word' id='word_1_284' title='bbox 226 3742 300 3804; x_wconf 88' lang='lat' dir='ltr'><strong>dicis</strong></span> <span class='ocrx_word' id='word_1_285' title='bbox 310 3744 509 3807; x_wconf 89' lang='lat' dir='ltr'><strong>essentialiter</strong></span> <span class='ocrx_word' id='word_1_286' title='bbox 528 3743 671 3807; x_wconf 81' lang='lat' dir='ltr'><strong>laedere?</strong></span> <span class='ocrx_word' id='word_1_287' title='bbox 698 3748 736 3811; x_wconf 79' lang='lat' dir='ltr'><strong>lit</strong></span> <span class='ocrx_word' id='word_1_288' title='bbox 756 3749 873 3810; x_wconf 87' lang='lat' dir='ltr'><strong>utinam</strong></span> <span class='ocrx_word' id='word_1_289' title='bbox 895 3749 1092 3826; x_wconf 88' lang='lat' dir='ltr'><strong>prohonors</strong></span> <span class='ocrx_word' id='word_1_290' title='bbox 1101 3748 1273 3807; x_wconf 65' lang='lat' dir='ltr'><strong>Ariciam</strong></span> 
     </span>
     <span class='ocr_line' id='line_1_35' title="bbox 132 3844 1279 3932; baseline -0.001 -25"><span class='ocrx_word' id='word_1_291' title='bbox 132 3844 278 3910; x_wconf 87' lang='lat' dir='ltr'><strong>dixisses!</strong></span> <span class='ocrx_word' id='word_1_292' title='bbox 320 3848 480 3909; x_wconf 83' lang='lat' dir='ltr'><strong>Praeterea</strong></span> <span class='ocrx_word' id='word_1_293' title='bbox 513 3850 629 3910; x_wconf 91' lang='lat' dir='ltr'><strong>occulta</strong></span> <span class='ocrx_word' id='word_1_294' title='bbox 659 3851 849 3930; x_wconf 87' lang='lat' dir='ltr'><strong>proprietas,</strong></span> <span class='ocrx_word' id='word_1_295' title='bbox 883 3870 964 3931; x_wconf 89' lang='lat' dir='ltr'><strong>quaa</strong></span> <span class='ocrx_word' id='word_1_296' title='bbox 984 3862 1029 3910; x_wconf 92' lang='lat' dir='ltr'><strong>est</strong></span> <span class='ocrx_word' id='word_1_297' title='bbox 1049 3849 1182 3930; x_wconf 87' lang='lat' dir='ltr'><strong>qualitas</strong></span> <span class='ocrx_word' id='word_1_298' title='bbox 1199 3844 1279 3932; x_wconf 70' lang='lat' dir='ltr'><strong>atris</strong></span> 
     </span>
     <span class='ocr_line' id='line_1_36' title="bbox 133 3947 1281 4032; baseline -0.002 -23"><span class='ocrx_word' id='word_1_299' title='bbox 133 3968 300 4026; x_wconf 82' lang='lat' dir='ltr'><strong>venenosa,</strong></span> <span class='ocrx_word' id='word_1_300' title='bbox 321 3947 518 4028; x_wconf 88' lang='lat' dir='ltr'><strong>distinguitur</strong></span> <span class='ocrx_word' id='word_1_301' title='bbox 544 3951 712 4013; x_wconf 89' lang='lat' dir='ltr'><strong>secundum</strong></span> <span class='ocrx_word' id='word_1_302' title='bbox 733 3953 875 4012; x_wconf 88' lang='lat' dir='ltr'><strong>materias</strong></span> <span class='ocrx_word' id='word_1_303' title='bbox 896 3954 1090 4027; x_wconf 88' lang='lat' dir='ltr'><strong>humorales,</strong></span> <span class='ocrx_word' id='word_1_304' title='bbox 1123 3970 1201 4032; x_wconf 89' lang='lat' dir='ltr'><strong>quas</strong></span> <span class='ocrx_word' id='word_1_305' title='bbox 1231 3949 1281 4008; x_wconf 89' lang='lat' dir='ltr'><strong>in·</strong></span> 
     </span>
     <span class='ocr_line' id='line_1_37' title="bbox 132 4048 1284 4130; baseline 0 -22"><span class='ocrx_word' id='word_1_306' title='bbox 132 4048 293 4110; x_wconf 80' lang='lat' dir='ltr'><strong>formando</strong></span> <span class='ocrx_word' id='word_1_307' title='bbox 314 4050 425 4111; x_wconf 83' lang='lat' dir='ltr'><strong>inficit:</strong></span> <span class='ocrx_word' id='word_1_308' title='bbox 448 4073 520 4130; x_wconf 89' lang='lat' dir='ltr'><strong>ergo</strong></span> <span class='ocrx_word' id='word_1_309' title='bbox 542 4053 592 4114; x_wconf 89' lang='lat' dir='ltr'><strong>his</strong></span> <span class='ocrx_word' id='word_1_310' title='bbox 613 4052 818 4114; x_wconf 89' lang='lat' dir='ltr'><strong>mediantibus</strong></span> <span class='ocrx_word' id='word_1_311' title='bbox 840 4066 869 4114; x_wconf 90' lang='lat' dir='ltr'><strong>et</strong></span> <span class='ocrx_word' id='word_1_312' title='bbox 890 4073 953 4114; x_wconf 92' lang='lat' dir='ltr'><strong>non</strong></span> <span class='ocrx_word' id='word_1_313' title='bbox 976 4050 1129 4114; x_wconf 89' lang='lat' dir='ltr'><strong>mediante</strong></span> <span class='ocrx_word' id='word_1_314' title='bbox 1148 4050 1284 4129; x_wconf 84' lang='lat' dir='ltr'><strong>aegritu·</strong></span> 
     </span>
     <span class='ocr_line' id='line_1_38' title="bbox 132 4146 1285 4236; baseline 0.002 -28"><span class='ocrx_word' id='word_1_315' title='bbox 132 4146 205 4210; x_wconf 90' lang='lat' dir='ltr'><strong>dine</strong></span> <span class='ocrx_word' id='word_1_316' title='bbox 225 4160 279 4210; x_wconf 87' lang='lat' dir='ltr'><strong>ae&#39;r</strong></span> <span class='ocrx_word' id='word_1_317' title='bbox 298 4154 424 4231; x_wconf 85' lang='lat' dir='ltr'><strong>pestifer</strong></span> <span class='ocrx_word' id='word_1_318' title='bbox 443 4154 553 4230; x_wconf 84' lang='lat' dir='ltr'><strong>laedit3</strong></span> <span class='ocrx_word' id='word_1_319' title='bbox 574 4156 712 4236; x_wconf 89' lang='lat' dir='ltr'><strong>alioquin</strong></span> <span class='ocrx_word' id='word_1_320' title='bbox 736 4175 798 4217; x_wconf 79' lang='lat' dir='ltr'><strong>tino</strong></span> <span class='ocrx_word' id='word_1_321' title='bbox 819 4154 912 4217; x_wconf 89' lang='lat' dir='ltr'><strong>modo</strong></span> <span class='ocrx_word' id='word_1_322' title='bbox 934 4176 1039 4217; x_wconf 89' lang='lat' dir='ltr'><strong>omnes</strong></span> <span class='ocrx_word' id='word_1_323' title='bbox 1061 4153 1165 4213; x_wconf 83' lang='lat' dir='ltr'><strong>iniecti</strong></span> <span class='ocrx_word' id='word_1_324' title='bbox 1180 4149 1285 4211; x_wconf 87' lang='lat' dir='ltr'><strong>laede·</strong></span> 
     </span>
    </p>
   </div>
   <div class='ocr_carea' id='block_1_3' title="bbox 131 4252 1286 4421">
    <p class='ocr_par' dir='ltr' id='par_1_6' title="bbox 131 4252 1286 4421">
     <span class='ocr_line' id='line_1_39' title="bbox 132 4252 1286 4346; baseline 0.002 -35"><span class='ocrx_word' id='word_1_325' title='bbox 132 4263 248 4312; x_wconf 86' lang='lat' dir='ltr'><strong>rentur.</strong></span> <span class='ocrx_word' id='word_1_326' title='bbox 301 4255 392 4331; x_wconf 89' lang='lat' dir='ltr'><strong>Ecce,</strong></span> <span class='ocrx_word' id='word_1_327' title='bbox 411 4257 492 4318; x_wconf 91' lang='lat' dir='ltr'><strong>bone</strong></span> <span class='ocrx_word' id='word_1_328' title='bbox 514 4257 635 4335; x_wconf 83' lang='lat' dir='ltr'><strong>Sruou,</strong></span> <span class='ocrx_word' id='word_1_329' title='bbox 666 4273 816 4346; x_wconf 80' lang='lat' dir='ltr'><strong>qrsantum</strong></span> <span class='ocrx_word' id='word_1_330' title='bbox 838 4257 984 4322; x_wconf 89' lang='lat' dir='ltr'><strong>studuisti</strong></span> <span class='ocrx_word' id='word_1_331' title='bbox 1004 4260 1038 4319; x_wconf 89' lang='lat' dir='ltr'><strong>iu</strong></span> <span class='ocrx_word' id='word_1_332' title='bbox 1059 4255 1163 4320; x_wconf 87' lang='lat' dir='ltr'><strong>studio</strong></span> <span class='ocrx_word' id='word_1_333' title='bbox 1186 4252 1286 4319; x_wconf 88' lang='lat' dir='ltr'><strong>medi·</strong></span> 
     </span>
     <span class='ocr_line' id='line_1_40' title="bbox 131 4353 1030 4421; baseline 0.013 -8"><span class='ocrx_word' id='word_1_334' title='bbox 131 4353 216 4416; x_wconf 90' lang='lat' dir='ltr'><strong>cinae</strong></span> <span class='ocrx_word' id='word_1_335' title='bbox 237 4366 302 4417; x_wconf 92' lang='lat' dir='ltr'><strong>toto</strong></span> <span class='ocrx_word' id='word_1_336' title='bbox 324 4377 409 4421; x_wconf 85' lang='lat' dir='ltr'><strong>acro.</strong></span> <span class='ocrx_word' id='word_1_337' title='bbox 1026 4375 1030 4380; x_wconf 86' lang='grc'><em>“</em></span> 
     </span>
    </p>
   </div>
   <div class='ocr_carea' id='block_1_4' title="bbox 0 0 1410 4800">
    <p class='ocr_par' dir='ltr' id='par_1_7' title="bbox 0 0 1410 4800">
     <span class='ocr_line' id='line_1_41' title="bbox 0 0 1410 4800; baseline 0 0"><span class='ocrx_word' id='word_1_338' title='bbox 0 0 1410 4800; x_wconf 95' lang='lat' dir='ltr'><strong> </strong></span> 
     </span>
    </p>
   </div>
  </div>
 </body>
</html>
