2806 4800
660 181 707 253 10

121 362 206 448 quod
234 363 300 425 fieri
327 367 401 426 solet
435 363 567 425 maxima
597 366 724 428 siccitate
752 364 938 441 dominante,
970 362 1092 448 quando
1111 365 1144 429 fit
1175 387 1246 429 con·

120 490 237 550 gressm
256 470 367 530 borum
399 463 528 528 duorum
549 469 753 548 planetarum,
784 469 905 532 Saturni
932 481 960 529 et
986 468 1083 544 lovis,
1104 470 1135 529 in
1160 470 1246 549 signo

120 574 227 653 igneo,
263 571 386 632 urbium
417 583 446 632 et
470 569 653 652 oppidorum
691 575 873 648 eversiones,
907 591 1071 653 regnorum
1105 575 1246 635 mutatio·

120 695 173 738 nes
209 689 302 759 atque
343 676 527 756 populorum
568 676 728 741 occisiones
762 674 909 739 accidunt.
979 672 1091 736 Eadem
1129 677 1246 738 ratione

120 780 340 845 frumentorum
370 779 497 860 penuria
528 780 701 858 laboratur,
743 775 998 864 quemadmodum
1035 780 1245 840 Anrsrorrnss

120 883 152 944 io
174 904 228 962 eo,
258 882 313 964 qui
341 884 377 945 de
396 896 502 945 natura
529 888 718 948 elementorum
747 896 774 946 et
802 887 1015 966 proprietatibus
1035 885 1114 944 liber
1140 882 1247 944 inscri-

120 987 221 1063 bitur,
253 986 372 1070 inquit:
400 991 477 1048 Anni
502 989 614 1050 ubertas
641 1003 668 1051 et
687 991 815 1050 sterilitas
831 987 911 1068 fiunt
936 1009 988 1069 per
1014 989 1155 1048 stellarum
1184 1011 1247 1048 rnu-

120 1094 249 1151 tationem
269 1095 297 1151 r'n
315 1097 398 1168 tranis
425 1092 536 1153 dirersis
561 1117 644 1176 super
671 1097 785 1156 alunata
810 1105 930 1175 septam,
958 1104 984 1155 ct
1005 1095 1160 1154 mortalitas
1177 1115 1246 1170 gen·

120 1199 188 1255 num
217 1200 433 1278 praeteritarum
469 1207 554 1278 atqua
587 1219 676 1274 regna
712 1218 804 1258 uacua
838 1196 910 1274 fiunt
947 1197 1026 1277 apud
1052 1203 1151 1259 coitum
1183 1199 1247 1258 stal-

120 1299 213 1360 lorum
234 1299 375 1374 duarum,
404 1301 522 1360 Saturni
537 1311 564 1362 at
581 1303 660 1365 louis.
715 1301 773 1361 Per
793 1319 897 1362 eorum
920 1299 1029 1360 etenim
1050 1301 1246 1362 mutationem

122 1396 160 1460 de
180 1400 355 1481 triplicitate
374 1397 413 1463 ad
434 1402 634 1484 trIplicitatem
656 1402 794 1467 accidunt
813 1400 973 1465 accidentia
989 1423 1106 1482 magua.
1156 1405 1247 1465 Prae·
1276 1428 1279 1437 ·

121 1515 202 1564 terea
224 1504 332 1565 Martis
353 1525 420 1566 oum
441 1507 583 1587 praelatis
604 1508 731 1589 planetis
754 1526 930 1586 congressus
952 1505 983 1565 in
1005 1505 1120 1566 casibus
1141 1526 1247 1566 eorum

121 1604 300 1688 significabit
318 1620 415 1670 terrae
434 1610 611 1688 siccitatem,
641 1612 717 1672 sicut
739 1611 900 1671 Auruncus
922 1609 954 1668 in
983 1608 1062 1669 libro
1084 1610 1246 1671 denatura

121 1722 148 1772 ct
165 1714 378 1794 proprietatibus
397 1717 587 1777 chrinnorum
614 1715 771 1795 perhibet,
802 1713 918 1776 etenim
939 1712 1061 1777 elieotus
1081 1708 1246 1774 secondum

122 1815 360 1877 convenientiam
377 1836 481 1878 eorum
502 1816 697 1880 fortitudinis.
746 1815 918 1879 Pestilentia
942 1814 1064 1878 demum
1085 1836 1125 1877 ex
1144 1827 1247 1876 conta·

123 1917 286 1979 minatione
307 1919 382 1980 coeli
404 1919 541 1981 efficitur.
582 1918 661 1982 Nam
676 1941 772 2002 quum
791 1921 829 1982 sit
849 1921 1030 1983 elementum
1052 1916 1139 1980 valde
1160 1919 1247 1980 aliter

122 2041 154 2084 se
168 2021 282 2085 habens
302 2037 331 2086 et
350 2022 505 2105 putredini
525 2024 791 2104 accommodatum,
811 2046 867 2088 nos
888 2045 1013 2110 quoque
1032 2023 1173 2083 animalia
1190 2041 1246 2097 per

121 2131 222 2187 ae'rem
243 2126 391 2203 virentia,
413 2127 486 2208 quia
506 2128 672 2208 spiramus,
693 2129 770 2190 sicut
790 2141 819 2190 et
833 2129 892 2188 alia
902 2129 1077 2208 pulmonem
1093 2121 1245 2193 habentia,

121 2250 241 2292 necesse
262 2242 321 2305 est,
341 2242 374 2292 vt
395 2230 511 2317 coelum
530 2228 607 2291 illud
627 2231 827 2312 putrefactum
855 2241 1072 2306 attractumque
1102 2221 1247 2284 interiora

123 2343 304 2411 corrumpat.
363 2331 470 2394 Scorra
497 2354 569 2396 vero
589 2335 795 2417 pestilentialis
823 2328 978 2416 quomodo
1006 2329 1147 2389 latentem
1176 2349 1247 2390 cau·

123 2456 187 2497 sam
208 2447 331 2500 naturae
352 2437 470 2498 secretis
491 2438 614 2515 evehat,
645 2439 734 2503 altius
755 2432 952 2519 repetendum
982 2443 1011 2494 st
1031 2427 1070 2491 ad
1090 2431 1246 2495 stellarum

123 2539 329 2621 operationem
351 2539 581 2621 confugiendum
604 2558 657 2607 est.

208 2644 416 2726 Capitulum
444 2660 624 2728 quonum,-
655 2650 691 2710 da
708 2645 879 2730 pestilentiali
903 2643 1011 2703 Scurra
1029 2645 1084 2703 sira
1109 2641 1183 2702 malo
1212 2639 1248 2700 da

125 2750 249 2810 Franzos
275 2748 399 2824 dr'cturo,
440 2755 571 2828 originem
601 2754 723 2815 tralrcnti
747 2771 762 2811 e
783 2749 924 2810 stellarum
951 2767 1114 2824 congressu,
1143 2743 1249 2805 uidetur

123 2854 327 2935 praemittenda
346 2875 404 2915 essa
421 2860 592 2936 primogenio
613 2853 838 2936 reabsormatio.

211 2951 315 3030 Quum
336 2952 457 3019 divinae
475 2956 636 3019 maiestatis
656 2954 753 3018 cuncti
773 2952 965 3035 potentisque
987 2949 1127 3012 creatoris
1147 2945 1250 3011 sedem

123 3057 298 3123 altissimam
320 3080 414 3122 essem
434 3061 699 3140 contemplaturus,
721 3077 799 3140 quae
820 3068 934 3137 septem
955 3054 1086 3116 erraticis
1101 3049 1250 3115 sideribus

124 3162 293 3248 lucidisque
312 3165 400 3228 astris
419 3164 485 3227 aliis
504 3163 671 3239 innumeris
694 3157 831 3223 decorata
852 3171 910 3233 est,
942 3157 1086 3238 signifero
1116 3174 1251 3238 quoque,

125 3280 281 3351 tamquam
304 3269 480 3346 moenibus,
499 3268 593 3330 cincta
612 3265 728 3341 existit,
755 3260 789 3326 id
809 3265 842 3326 in
859 3275 989 3326 mentem
1009 3259 1100 3338 veuit,
1121 3255 1252 3320 eundem

128 3371 277 3450 optimum
298 3370 529 3452 maximumque
560 3367 651 3432 deum
679 3369 718 3430 ab
746 3380 867 3430 aeterno
895 3386 963 3427 cnm
992 3364 1088 3425 causis
1115 3357 1254 3424 secundis

128 3475 265 3538 statuisse
286 3472 415 3552 operari.
456 3469 569 3532 Idcirco
590 3471 713 3533 extendi
732 3475 866 3547 coelum,
898 3482 932 3532 ut
953 3466 1075 3530 divinus
1105 3479 1186 3528 vatos
1206 3465 1255 3524 in·

130 3579 213 3663 quit,
233 3578 309 3640 sicut
328 3577 457 3658 pellem,
485 3574 618 3636 formans
640 3575 755 3635 librum
784 3573 1002 3646 universitatis,
1033 3569 1117 3628 cuius
1146 3564 1254 3627 litteris

129 3704 219 3746 nemo
242 3679 366 3742 deesset.
421 3678 460 3741 Et
484 3690 518 3741 ut
548 3679 727 3740 Prosenses
760 3678 860 3740 verbis
893 3687 977 3746 utar,
1006 3671 1135 3750 sapientis
1167 3669 1253 3728 cubus

130 3793 211 3853 turus
237 3791 344 3850 saeculi
366 3785 481 3847 subbati
503 3795 566 3846 sunt
582 3784 697 3844 uultibus
716 3783 800 3858 coeli,
830 3792 861 3842 ut
883 3798 993 3861 serpens
1020 3772 1140 3835 acdestis
1167 3782 1254 3830 terre·
1303 3823 1314 3831 .

131 3900 173 3956 nis
197 3894 364 3967 dominetur,
394 3902 420 3952 ct
449 3891 539 3952 draco
559 3890 676 3951 coelestis
705 3890 817 3948 terrenis
841 3886 984 3964 imparium
1015 3883 1146 3961 imponat.
1202 3872 1254 3932 Est

132 4009 233 4057 autem
261 3997 335 4057 haec
363 3990 469 4054 mundi
496 3993 634 4055 machina
655 3991 770 4073 optimo
792 3989 824 4048 in
852 3984 958 4048 ordine
980 3975 1255 4063 perfectissimoque

133 4109 243 4174 creata,
279 4105 379 4180 'quum
408 4093 547 4158 indecens
580 4096 698 4170 fuisset,
735 4104 897 4154 creatorem
932 4087 1094 4170 quicquam
1121 4080 1256 4141 inelabo-

133 4212 233 4262 ratum
254 4203 375 4263 mortali
402 4213 553 4264 creaturae
580 4198 754 4280 reliquisse,
784 4214 846 4276 qua
877 4214 916 4253 ex
946 4211 985 4265 re,
1007 4185 1186 4264 ambiguitas
1209 4204 1256 4244 er·

134 4327 247 4389 rosque
271 4302 462 4382 invaluisset,
489 4317 522 4367 ut
543 4324 581 4366 ne
602 4305 734 4365 humana
762 4293 886 4381 quidem
905 4294 982 4357 ra¹l⁰
1008 4289 1046 4354 de
1071 4287 1258 4352 nalursslibffl
