2806 4800
658 228 735 305 284

122 441 222 483 nume
250 417 440 500 principibus
470 418 586 495 virtus,
616 415 779 496 singularis
806 414 944 479 doctrina
971 419 1144 500 meritaque
1170 422 1273 498 gloria

122 545 160 585 ex
181 523 344 585 omnifaria
368 522 569 603 philosophia
595 541 652 601 per
679 520 939 581 immortalitatem
968 518 1008 581 ad
1038 540 1168 600 superos
1189 523 1272 583 infe·

120 646 234 707 rosque
252 626 360 687 eluxit.
402 621 523 699 Quodsi
543 623 609 684 eius
626 622 852 684 lucubrationes
872 623 1030 685 absolutae
1063 636 1163 685 essent
1182 623 1272 706 (qui-

120 730 179 791 bus
199 726 393 791 absolvendis
401 728 495 791 illust.
516 729 556 788 D.
566 728 611 788 lo.
621 728 811 788 Famuscos
823 726 886 787 iam
896 722 1070 809 incumbit),
1089 727 1148 786 toti
1167 739 1272 805 poste·

120 829 205 892 ritati
224 829 405 893 sufficerent.
441 826 485 893 '0
504 830 640 908 ingratos
658 829 818 904 homines,
845 829 901 911 qui
921 850 940 891 a
964 842 1027 891 tam
1048 829 1148 890 nobili
1166 833 1274 910 supel-

121 932 223 994 lectile
243 933 453 1011 posteritatem
475 935 630 995 retrahere
649 929 811 996 nituntur!
840 933 943 995 Miror
962 934 989 995 si
1008 935 1085 996 (leus
1107 934 1178 994 illos
1208 953 1272 996 non

121 1031 216 1097 odiat.
250 1088 253 1093 .

210 1139 295 1220 Quod
313 1144 368 1200 nisi
385 1140 502 1200 anilibus
524 1149 579 1200 stc.
600 1172 641 1187 -·-
681 1137 759 1213 Dic,-
787 1149 822 1197 ut
851 1149 997 1216 appareat
1027 1148 1129 1197 tantae
1150 1155 1274 1197 mussa·

121 1239 213 1302 tionis
234 1260 340 1316 causa,
362 1261 401 1301 ne
422 1239 559 1302 mendax
580 1240 786 1303 convincaris:
819 1241 987 1302 nonenim
1018 1241 1112 1317 vulgo
1140 1241 1275 1319 applau-

121 1338 240 1420 dendo,
260 1341 595 1423 sed'impersectionem
628 1343 811 1422 astrologiae
837 1364 872 1403 ac
892 1362 1028 1404 errorem
1058 1342 1273 1420 experimento

121 1443 329 1523 cognoscendo
350 1447 449 1526 ipsam
469 1447 648 1525 contempsi.

206 1549 380 1610 Hsrrocnas
402 1562 457 1611 etc.
480 1585 522 1596 -
573 1551 770 1613 Potissimum
803 1546 913 1611 medici
940 1561 985 1609 est
1010 1548 1172 1610 sanitatem
1200 1566 1273 1608 con·

120 1671 256 1727 serrare,
288 1648 374 1731 quod
395 1671 451 1730 per
473 1649 602 1712 diaetam
631 1651 665 1713 lit
686 1665 716 1714 st
736 1653 833 1714 uictus
854 1651 1018 1712 rationem:
1049 1668 1140 1711 nemo
1168 1661 1273 1709 sutem

120 1767 184 1816 tam
204 1753 315 1815 mentis
335 1772 481 1829 vesanae,
501 1755 558 1836 qui
578 1755 697 1816 homini
718 1774 793 1816 sano
814 1753 1025 1815 comestoriam
1047 1754 1139 1831 eligat
1152 1752 1273 1811 lteram

121 1876 177 1936 per
197 1855 406 1918 observantias
426 1857 631 1935 astrologicae.
684 1856 826 1936 Amplius
855 1864 927 1916 asra
954 1853 1090 1917 iudicare
1109 1868 1140 1916 st
1162 1850 1274 1932 depre-

121 1956 257 2021 hendere
285 1979 341 2039 per
369 1965 471 2019 ae'rem
504 1957 656 2020 medicum
685 1970 746 2037 est3
789 1978 846 2038 per
867 1960 968 2020 stellas
1001 1972 1032 2022 et
1061 1955 1273 2020 observantias

119 2063 313 2140 astrologicae
334 2081 448 2123 vanum
471 2073 501 2122 et
521 2062 820 2140 praesumptuosum.
869 2058 972 2135 Quam
1001 2059 1173 2122 doctissime
1193 2077 1271 2119 vero

120 2165 388 2228 excellentissimus
407 2166 453 2225 lo.
473 2165 662 2227 Mammeos
692 2165 727 2224 in
750 2162 883 2225 aditione
912 2161 1024 2224 illaad
1045 2163 1151 2223 nostri.
1164 2162 1272 2225 defen·

119 2267 237 2330 donem
258 2265 370 2345 scripta
390 2265 558 2327 secundum
578 2280 608 2327 et
628 2267 754 2328 tertium
774 2267 919 2341 solverit,
947 2265 980 2325 in
1012 2261 1148 2325 medium
1176 2266 1271 2326 relin-

12 2428 15 2433 .
120 2369 264 2450 quimus,
285 2387 350 2448 quo
372 2380 402 2429 ct
421 2370 605 2431 remittimus
625 2372 778 2431 lectorem.
832 2369 870 2430 Et
889 2369 950 2443 ita,
981 2367 1037 2448 qui
1066 2367 1161 2429 habet
1180 2389 1271 2430 aures

120 2467 284 2546 audiendi,
304 2469 425 2532 audiat:
456 2472 531 2552 quia
558 2472 700 2532 sisemel
728 2483 870 2548 aegrotus
902 2468 951 2551 (ut
971 2470 1023 2531 ille
1043 2468 1161 2552 inquit)
1177 2470 1268 2531 urent

120 2573 312 2650 interfectus,
332 2593 394 2658 non
416 2574 475 2634 eris
495 2576 702 2651 constellatio,
737 2595 817 2656 quae
843 2575 946 2655 ipsum
968 2571 1098 2649 occidet,
1129 2571 1184 2636 sed
1206 2592 1269 2637 ms·

121 2673 181 2738 dici
200 2677 281 2738 forte
302 2677 470 2757 imperitia,¹
493 2689 524 2739 et
544 2680 649 2741 nullus
670 2691 808 2758 aspectus
831 2698 901 2740 eum
922 2676 1097 2740 vivificabit.

206 2781 254 2840 Aa
272 2803 337 2840 sero
357 2792 456 2842 cutem
477 2792 532 2842 etc.
548 2814 591 2828 ·-
630 2782 720 2843 Vana
740 2779 922 2860 superstitio.
939 2788 1001 2854 est,
1026 2778 1168 2858 alioquin
1187 2778 1269 2839 enim

121 2877 163 2939 ad
184 2879 364 2942 huiusmodi
390 2895 420 2943 et
447 2884 561 2944 similia
587 2882 761 2965 peragenda
782 2886 878 2946 homo
900 2900 993 2965 quam
1015 2894 1137 2964 ageret,
1165 2883 1270 2963 potius

122 2997 265 3064 ageretur
286 2986 407 3048 coelesti
427 2987 624 3066 impulsione.

126 3122 130 3127 -
157 3114 162 3139 ι
206 3088 363 3150 Amcnura
383 3096 468 3153 stiam
489 3103 545 3152 etc.
566 3125 611 3138 -
651 3088 853 3155 Oinlelicem
874 3090 1048 3153 Amasene
1067 3098 1191 3164 sortem,
1208 3106 1271 3167 qua

120 3191 170 3252 sui
190 3192 295 3270 magni
315 3193 455 3271 canonis,
488 3213 580 3275 quern
602 3194 690 3256 miris
709 3192 854 3256 laudibus
886 3191 925 3254 ad
953 3205 1033 3254 astra
1055 3210 1154 3272 usque
1175 3188 1271 3263 vehit,

121 3313 179 3373 pro
198 3294 366 3374 interprete
386 3300 602 3375 perversorem
627 3299 763 3361 invenit:
795 3317 889 3379 quem
916 3297 997 3357 anim
1025 3296 1079 3356 ille
1105 3291 1157 3356 dat
1183 3289 1272 3353 laudi

123 3397 219 3471 peluti
238 3409 333 3458 totam
354 3397 490 3459 medicae
511 3401 586 3461 artis
605 3401 831 3480 ¹perlectionem
857 3401 890 3459 in
919 3420 951 3460 se
981 3397 1203 3470 continentem,
1236 3407 1271 3455 tu

121 3497 200 3559 vitio
222 3497 295 3560 dare
314 3520 375 3562 non
396 3501 521 3578 crubes,
544 3515 582 3564 ut
601 3506 739 3566 absolute
760 3503 876 3566 dictum
894 3501 1100 3581 comparative
1118 3499 1270 3575 interpre-

122 3599 204 3661 teris.
245 3601 317 3663 Non
340 3617 419 3664 certe
442 3605 553 3682 minus,
576 3627 687 3686 quam,
720 3605 775 3668 ssd
797 3605 899 3667 minus
920 3625 955 3664 ac
975 3602 1155 3675 minimum,
1184 3595 1268 3681 quod

121 3702 239 3777 medico
262 3705 375 3768 scilicet
395 3709 595 3770 necessarium
618 3722 678 3787 est,
712 3707 973 3772 abundantissime
1002 3717 1088 3787 putat
1108 3704 1264 3766 Arrcrrus

122 3810 155 3870 in
183 3830 219 3872 eo
240 3813 504 3890 comprehensum.
575 3840 590 3859 ·›
1148 3866 1151 3873 .

207 3916 253 3976 De
271 3935 439 3976 arumnosas
459 3928 555 3978 cotem
577 3929 631 3979 etc.
653 3952 692 3965 —
738 3918 802 3980 Aut
833 3937 906 3995 argo
928 3909 1142 3976 >nusiamento
1168 3906 1268 3990 potio·

125 4032 195 4074 nam
217 4036 336 4079 necesse
357 4031 401 4079 est
423 4040 463 4080 ex
484 4033 570 4099 parts
591 4022 717 4100 agentis,
740 4023 799 4080 hoc
820 4033 865 4081 est
886 4017 1013 4079 laxatiui
1024 4059 1034 4093 ,
1055 4017 1106 4078 vel
1128 4008 1272 4077 medendi

123 4136 176 4177 seu
200 4121 341 4196 patieutis
363 4134 442 4183 astra
465 4125 643 4185 observare:
665 4124 799 4202 primum
822 4143 884 4183 nou
906 4120 1011 4198 dabis,
1040 4118 1167 4202 quando
1186 4117 1271 4178 illius

123 4221 379 4284 constellationem
391 4245 517 4304 prorsus
527 4244 642 4285 caeram
659 4247 694 4286 ac
707 4224 849 4300 surdam,
871 4237 995 4287 naturae
1007 4225 1155 4286 duntaxat
1168 4223 1273 4300 cogni·

125 4335 314 4399 tam,·nemo
333 4329 508 4391 observabit
525 4348 677 4411 usqissai,
698 4327 865 4391 secundum
877 4327 991 4407 minus,
1008 4342 1078 4392 -tum
1099 4325 1186 4411 quod
1207 4344 1272 4388 non
