2806 4800
630 234 698 304 idi

89 433 157 496 tur,
181 417 408 499 particulariter
427 417 463 480 fit
490 416 631 499 putredo
677 415 804 482 Pariter
836 431 866 482 et
891 421 925 482 in
957 414 1039 488 malo
1070 426 1172 490 franco
1200 429 1234 491 itt

88 521 241 602 principio
263 518 342 583 dura
363 533 392 582 et
411 520 487 582 sicca
507 533 580 583 sum
606 521 793 602 apostemata
822 520 864 584 et'
876 524 1045 607 aliquando
1068 520 1235 608 putrefiunt

89 636 120 686 et
138 624 259 685 saniem·
275 623 400 684 faciunt.
414 624 428 667 ἔ
442 620 501 686 Sed
523 624 586 685 non
604 621 718 701 miror,
732 624 838 701 antu,
856 625 913 706 qui
930 622 1151 692 matcommta
1170 648 1235 694 me·-

88 723 462 805 dicina'peritissinrorum
482 725 573 787 etiam
597 726 760 789 sententias
779 723 881 805 rodis,·
896 728 959 789 tuis
979 722 1164 794 coniecturis
1178 734 1235 794 isl-

88 827 171 888 laria.
215 827 305 888 Anne
323 825 422 904 magis
440 826 473 885 in
494 827 638 903 materia,
665 824 865 907 dispositione
886 825 1006 892 et‘cura
1025 833 1128 912 leprae
1149 835 1235 897 simi·

89 932 170 992 letu'r
189 949 282 1012 quam
295 929 439 1009 pituitae,
461 930 569 1007 cogita.
610 927 689 1005 Quis
699 926 834 1012 namque
855 952 894 992 ex
905 933 1079 1012 phlegmate
1092 935 1136 996 sic
1157 935 1235 999 dura

89 1043 275 1112 apostemata
297 1026 435 1110 reperit?
478 1030 596 1091 Verum
617 1031 772 1111 pruritum
794 1043 833 1093 et
855 1031 987 1093 scabiem
1007 1035 1104 1114 magis
1124 1053 1234 1103 causat.

90 1135 193 1209 Tuos,
212 1134 239 1196 si
260 1152 338 1215 quos
352 1133 471 1210 babes,
505 1135 653 1214 patientes
674 1157 714 1196 ex
742 1137 824 1209 libro
846 1133 884 1199 de
904 1137 1072 1201 humorum
1093 1142 1235 1204 multitu·

90 1231 162 1296 dine
178 1256 272 1311 cura,
295 1254 351 1314 ego
372 1235 537 1314 capitulum
561 1233 599 1297 de
619 1239 706 1317 lepra
726 1240 826 1319 legam
838 1282 847 1316 ,
870 1251 899 1302 et
920 1251 983 1302 non
1007 1241 1152 1323 opinione
1172 1245 1234 1306 sia·
1344 1250 1347 1256 “

87 1339 186 1416 gulari
206 1339 368 1400 hominum
391 1358 526 1419 corpora.
539 1337 726 1420 perdemus&
752 1362 756 1371 .

142 1574 145 1581 ·
201 1494 325 1592 dcirca
352 1484 603 1591 correlarium
631 1527 807 1608 primum.
851 1524 950 1613 (vttl,
966 1551 997 1610 p.
1012 1529 1099 1617 139.)

171 1648 344 1710 Pressorem
368 1647 418 1710 laic
438 1649 557 1727 culpas:
595 1647 634 1710 sit
662 1644 869 1730 quodcunque
897 1669 955 1729 per
980 1655 1110 1730 malam,
1138 1673 1232 1736 quam

87 1749 231 1825 voluisti,
258 1749 452 1809 manifestam
483 1749 652 1827 intelligere
659 1791 668 1826 ,
696 1769 765 1810 cum
785 1748 917 1811 calidum
942 1765 975 1814 et
992 1754 1157 1819 humidum
1180 1771 1234 1819 ex·-

88 1851 218 1931 primas,
242 1871 322 1930 quae
343 1849 519 1909 manifestae
536 1861 609 1910 sunt
630 1850 800 1929 qualitates.
842 1852 1027 1928 Ego=autem
1040 1855 1134 1933 dico,
1157 1879 1233 1939 qua·

86 1955 202 2017 litatem
225 1951 416 2012 manifestam
436 1947 555 2030 aliquid
577 1949 735 2028 cooperari
754 1947 794 2008 ad
816 1951 924 2011 talium
942 1958 1121 2018 morborum
1144 1979 1232 2036 gene·

87 2051 252 2132 rationem,
280 2053 334 2116 sed
354 2074 418 2116 non
445 2063 491 2114 est
512 2051 664 2113 sufficiens
691 2071 797 2130 eausa,
821 2051 899 2115 sicut
920 2065 954 2115 tu
977 2053 1072 2133 dicis,
1104 2079 1172 2119 cum
1194 2081 1233 2122 ex

88 2162 234 2242 qualitate
254 2156 351 2220 calida
384 2169 414 2219 et
443 2152 571 2216 humida
604 2155 687 2215 hunc
722 2153 886 2235 procedere
907 2159 1051 2221 morbum
1078 2163 1233 2242 posuerim

89 2284 184 2345 quare
205 2283 263 2342 pro
284 2264 344 2323 hoc
361 2280 472 2341 parum
493 2257 625 2322 evasIsti.
677 2256 866 2323 Seda'e'rem
885 2280 953 2322 rem
972 2281 1034 2324 non
1064 2267 1232 2326 naturalem

88 2384 168 2440 esse,
188 2364 265 2423 milri
285 2362 402 2424 obiicis.
455 2357 611 2435 Quantum
636 2362 696 2423 lroc
728 2372 757 2424 et
778 2361 891 2424 novicii
910 2364 943 2423 in
965 2373 1073 2426 nostra
1092 2379 1158 2428 arte
1177 2388 1233 2429 no-

86 2478 168 2542 runt,
189 2485 255 2526 rem
275 2485 338 2526 non
354 2464 525 2525 naturalem
546 2464 703 2524 alteratam
725 2459 779 2524 a'ttt
797 2465 879 2525 male
898 2467 1078 2546 applicatam
1099 2469 1233 2547 aegritu·

87 2566 189 2630 dinem
210 2586 299 2647 posse
321 2587 453 2628 causare.
495 2563 675 2643 Licet-ergo
694 2565 753 2626 hae
775 2567 936 2646 qualitates
956 2569 1140 2630 'manifestae
1161 2591 1233 2631 con·

81 2668 226 2746 currant·5
245 2665 553 2760 sufficiuntlderthue
575 2667 716 2742 minime,
737 2664 790 2728 sed
811 2680 949 2747 superest
965 2670 1076 2731 fortior
1097 2692 1136 2732 ex
1150 2675 1233 2734 coelo

86 2773 263 2855 dispositio,
293 2792 373 2856 quae
394 2773 509 2834 occulta
542 2769 669 2848 dicitur,
705 2789 798 2852 quam
829 2769 919 2831 etiam
949 2769 989 2832 ad
1023 2773 1232 2844 sufficientiam

86 2875 205 2958 requiri
226 2877 317 2951 volo,
348 2894 411 2936 non
433 2873 648 2935 causalitatem·
669 2871 788 2952 primae
809 2891 933 2948 causae,
949 2873 993 2934 in
1014 2895 1107 2956 quam
1130 2871 1233 2937 omnia

85 2977 230 3040 reducere
249 2977 358 3040 leviter
380 2987 475 3055 potes.
518 2973 589 3036 Non
610 2975 742 3036 solemus
763 2973 943 3035 sacramenti
968 2973 1094 3036 modum
1114 2977 1147 3036 in
1168 2998 1233 3038 mc·

86 3079 185 3142 dicius
205 3084 351 3161 allegare,
386 3078 508 3160 dequo
530 3078 681 3140 obiecisti.
735 3073 873 3151 Qualitas
898 3077 1147 3155 concurritalia,
1175 3081 1232 3140 sci·

56 3234 58 3237 .
85 3184 156 3246 licet
174 3185 229 3245 illa
250 3182 445 3264 epidimicos,
471 3181 548 3242 sicut
569 3181 620 3241 hic
640 3192 684 3242 est
704 3179 848 3255 morbus,
879 3197 1020 3257 cattsans3
1048 3176 1118 3240 ¹non
1140 3182 1232 3258 enim,

84 3286 162 3348 sieut
189 3305 301 3347 causon
325 3295 380 3344 aut
398 3279 595 3358 huiusmodi,
616 3277 662 3342 cx·
683 3282 799 3356 calore,
828 3277 1009 3343 hcrmiditats
1027 3293 1081 3342 aut
1102 3279 1234 3345 siccitate

84 3380 185 3450 solum
203 3387 363 3468 processit:
383 3382 437 3446 sed
459 3403 521 3445 non
544 3384 679 3464 expressi
700 3402 877 3446 concausam
893 3383 978 3444 illam
999 3375 1232 3466 'p'erdissimilee

84 3502 175 3570 puta,
201 3489 336 3551 bominis
357 3486 571 3549 diffinitionem
597 3489 738 3552 caessaris.
793 3487 872 3551 satis
892 3490 994 3550 tamea
1015 3489 1049 3550 in
1077 3489 1233 3571 sequenti·

84 3593 142 3652 bus
172 3590 473 3672 positionibus'meis
495 3589 570 3665 tibi,
598 3589 625 3650 si
644 3591 701 3654 tis
732 3588 910 3670 agnoscere,
946 3589 1012 3654 eam
1044 3587 1231 3672 exprimam:

84 3697 148 3754 non‘
168 3695 366 3756 commentari
387 3714 442 3754 me
458 3712 644 3773 supervacue
667 3691 802 3757 delectat.
824 3721 840 3745 ¹-
939 3735 943 3743 ·

84 3877 196 3943 Circa
224 3836 480 3948 correlarium
508 3880 716 3944 secundum
746 3848 1007 3945 conclusionis
1035 3876 1231 3949 secundae,

533 3983 631 4067 (Vttt,
653 4005 684 4064 p.
702 3982 786 4067 140.)

123 4140 126 4150 2
170 4102 259 4164 lllore
278 4119 339 4168 tuo
362 4106 408 4169 de.
428 4105 607 4169 nominibus
632 4103 780 4166 latissime
808 4102 859 4164 hie
885 4100 1104 4165 contendebas:
1132 4099 1176 4162 ¹de
1197 4122 1231 4164 re

83 4205 150 4282 ipsa
181 4206 260 4266 milri
288 4204 364 4270 ›cu'ra
396 4208 529 4291 semper>
549 4210 626 4285 fuit,
661 4208 755 4289 quani
784 4215 904 4288 capere·
918 4227 1033 4288 posses.
1090 4202 1232 4278 Adverte;

83 4301 167 4384 quod
200 4304 345 4404 epidittria
370 4312 470 4397 longe
490 4313 548 4372 sit·
565 4311 773 4386 communior,
818 4321 924 4389 quam*
939 4308 1126 4388 pestilentia,
1163 4326 1231 4368 cum

878 4424 916 4479 11
