2806 4800
658 245 735 320 246

210 441 401 523 Conflotorum
423 447 478 496 etc.
502 467 542 480 -
586 431 727 509 Quorum
749 434 819 495 freti
840 431 1013 495 ventilabro
1034 429 1199 492 crabrones
1224 452 1280 493 ve-

125 541 230 617 ritate,
251 561 344 622 quam
367 536 569 614 defendimus,
589 538 723 600 irretitos
745 557 807 600 non
829 535 1015 598 verebimur.

212 645 297 707 Circo
322 650 483 727 portionem
505 655 672 704 sarrensem
700 652 755 703 etc.
777 673 820 687 -··
866 637 915 700 Eri
941 649 1116 717 contemptu
1134 639 1279 720 loqueris

125 747 215 830 qussi
235 768 284 809 me
308 743 552 826 reprehendens,
584 765 655 806 cum
676 743 716 804 de
731 739 944 804 huiuscemodi
965 740 1116 820 positione
1141 752 1187 802 tot
1208 740 1279 802 firc-

125 861 199 912 runt
222 847 544 911 excellentissimorum
565 845 751 909 medicorum
778 845 873 906 totius
902 844 1043 922 Europae
1072 839 1279 904 dissensiones

126 963 157 1012 et
178 948 280 1012 adbuc
295 952 353 1011 sub
375 947 477 1011 iudice
496 951 536 1012 lis
557 963 612 1012 est.

212 1055 250 1116 Ει
276 1056 409 1135 puerilem
436 1066 490 1115 etc.
512 1086 553 1100 -
612 1053 730 1114 Mirum
761 1063 806 1113 sst
836 1051 921 1111 illam
941 1069 1170 1130 repuerascere,
1195 1070 1284 1111 cum

126 1155 254 1216 antebac
282 1175 341 1234 pro
367 1154 544 1218 sustinenda
569 1158 637 1237 ipss
667 1169 697 1218 et
725 1167 841 1217 veteres
873 1144 902 1216 et
930 1153 1113 1215 recentiores
1140 1151 1277 1215 medicos

127 1257 222 1318 ierme
241 1277 347 1319 omues
366 1259 514 1322 citaveris.

183 1344 188 1356 ⁸
214 1362 393 1423 obtrectator
419 1383 499 1423 rusus
527 1375 583 1426 etc.
604 1397 649 1413 -·-
691 1362 792 1440 Quam
812 1362 1035 1443 pollicitum,
1064 1357 1275 1421 conviciorum

128 1461 343 1544 abstinentiam
372 1474 402 1524 et
431 1461 613 1528 modestiam
633 1485 696 1528 non
729 1485 851 1540 serras,
887 1462 940 1526 ssd
968 1475 1002 1524 ut
1030 1462 1157 1542 opinor,
1188 1481 1277 1524 more

128 1560 324 1644 quorundam
360 1562 547 1628 medicorum
586 1570 675 1645 facis,
712 1589 845 1651 quorum
887 1567 1104 1647 promissiones
1138 1562 1276 1626 remedia

127 1665 252 1741 babent,
273 1665 403 1746 pyxides
424 1669 674 1750 internicionem
705 1692 776 1732 nam
798 1672 849 1732 hic
870 1682 900 1731 et
921 1670 1038 1750 ubique
1060 1679 1165 1748 postea
1186 1668 1277 1729 furiis

128 1767 257 1844 agitatus
277 1767 456 1834 modestiam
477 1773 694 1853 transgrederis
705 1787 735 1837 et
751 1773 785 1835 id
808 1774 883 1853 egis,
894 1771 978 1855 quod
995 1771 1176 1853 lymphatici
1185 1790 1278 1850 agere

128 1883 359 1935 consueverunt.
1187 1894 1190 1899 '

215 1972 266 2034 Ad
285 1964 461 2037 scribendum
482 1985 691 2043 cmcrloer‘tetc.
704 2015 746 2030 --
767 1983 970 2062 Posteaquam
992 1989 1091 2042 errata
1112 1990 1277 2058 tuapsene

128 2071 163 2132 iu
190 2084 288 2137 totum
310 2080 417 2143 orbem
447 2095 597 2146 terrarum
624 2085 782 2166 impressis
800 2085 1012 2147 voluminibus
1033 2104 1138 2162 sparsa
1160 2083 1193 2142 in
1216 2104 1277 2162 pu·

129 2173 244 2238 blisum
263 2186 481 2262 processerint,
508 2201 630 2266 praeter
651 2209 750 2249 meam
771 2190 891 2267 culpam
913 2200 959 2248 est
979 2182 1095 2270 (suiuus
1111 2198 1217 2248 tamen
1228 2189 1277 2248 in·

131 2273 251 2372 doleo),
270 2284 296 2343 si
317 2285 473 2348 Iousuuns
494 2290 682 2353 Mrursunus
704 2293 756 2354 vel
775 2291 854 2351 alius
875 2290 972 2350 nostri
1000 2290 1228 2352 amantissimus
1249 2303 1276 2352 et

130 2378 177 2438 rei
194 2381 347 2446 literariae
373 2387 633 2466 studiosissimus,
664 2413 744 2475 quos
770 2413 829 2473 pro
849 2391 978 2453 libidine
998 2392 1093 2453 animi
1114 2393 1228 2454 taxasti
1249 2404 1277 2453 et

77 2569 80 2573 .
130 2479 256 2562 indigne
276 2491 410 2562 vexasti,
430 2511 509 2552 vana
530 2505 582 2554 tua
603 2491 801 2554 deliramenta
820 2493 1089 2575 fabulamentaque
1110 2490 1247 2554 diluerit.

216 2588 282 2652 Non
301 2598 485 2670 corrrioiutor,
504 2601 559 2655 imo
582 2610 681 2658 orator
700 2609 755 2658 etc.
775 2629 819 2651 -÷·
863 2596 978 2674 Magoa
999 2607 1044 2655 est
1062 2595 1109 2655 vis
1131 2593 1278 2667 veritatis,

132 2709 212 2769 quae
232 2691 324 2769 etiam
344 2693 552 2758 adversarium
575 2712 605 2761 te
627 2700 773 2761 hocloco
793 2718 903 2759 rerum
924 2696 1023 2757 dicere
1045 2696 1141 2773 cogit,
1166 2717 1277 2778 quam·

132 2792 280 2871 quam-ta
302 2800 406 2860 multis
427 2801 700 2864 locismaledicere
727 2803 760 2863 in
789 2801 945 2882 publicum
973 2801 1096 2876 misisti,
1131 2813 1166 2860 ut
1193 2817 1275 2860 com-

133 2903 268 2954 mentum
289 2907 377 2977 tuum
400 2902 581 2965 manifestat.
633 2903 769 2966 Confidis
795 2907 921 2965 fortasse
943 2902 1085 2964 conviciis
1106 2902 1168 2962 tuis
1187 2921 1278 2980 possa

131 2991 328 3073 persuadere,
350 2998 435 3080 quod
456 3001 564 3083 cupis?

284 3237 381 3312 Circa
409 3243 661 3320 conclusionem
689 3248 845 3349 primam.
885 3247 960 3342 (XI,
989 3273 1020 3356 p.
1034 3249 1135 3339 222.)

217 3394 351 3456 Morbum
371 3402 562 3479 epidemr'alcm
575 3415 628 3465 etc.
645 3437 685 3451 -
728 3401 931 3466 Defendendo
953 3422 1054 3480 nuper
1073 3400 1278 3461 Leonrcruum

132 3488 310 3553 scribentem
334 3509 363 3557 et
384 3502 535 3579 eleganter
556 3518 586 3566 et
606 3505 721 3567 medice
744 3506 782 3567 de
810 3507 920 3568 morbo
949 3505 1058 3582 gallico
1087 3499 1277 3564 ostendimus

131 3592 262 3669 protrita
285 3599 473 3665 medicorum
502 3607 720 3670 cousuetudine
748 3609 934 3684 doctrinam,
963 3629 1025 3690 qua
1054 3604 1275 3686 epideuriarum
1377 3648 1381 3658 .

132 3695 336 3764 Hrrrocusrrs
376 3708 534 3770 volumina
565 3709 604 3770 de
641 3709 875 3774 advenientibus
904 3712 1021 3772 morbis
1058 3709 1273 3775 inscribuntur,

131 3799 265 3884 omniuo¹
279 3825 345 3867 esse
363 3828 474 3871 novam
498 3834 553 3875 nec
572 3827 660 3876 antea
672 3828 849 3897 posteaque
868 3815 1028 3892 cogitatam
1039 3854 1048 3888 ,
1069 3824 1164 3891 prout
1184 3808 1276 3872 ratio·

133 3925 185 3967 nes
207 3920 237 3968 et
256 3908 407 3986 plurimae
428 3916 620 3978 auctoritates
643 3931 672 3980 ot
694 3915 820 3978 stradent
837 3929 866 3978 et
880 3913 1074 3977 concludunt.
1117 3909 1279 3992 Reputasti

133 4017 194 4066 tres
220 4009 290 4070 illos
319 4007 389 4094 (qui
416 4035 512 4077 unum
542 4032 614 4080 sunt
653 4032 682 4080 et
713 4020 746 4079 iu
773 4017 922 4080 medicina
954 4017 1038 4096 paris
1074 4009 1280 4096 auctoritatis)

133 4107 293 4172 Iouuuuru
314 4116 486 4180 lauurusru
513 4122 546 4181 in
577 4143 634 4183 suo
654 4123 858 4197 catholicoue,
887 4122 1052 4181 Musarum
1082 4116 1282 4179 Srcvsmomu

135 4220 165 4268 et
183 4209 346 4274 lousuuru
365 4219 618 4284 Acrxsunu‘ruuu
638 4243 693 4298 eo,
714 4221 798 4304 quod
821 4220 1002 4302 epidemiam
1020 4217 1283 4298 esrperadrenien·

134 4323 195 4372 tem
228 4316 370 4376 morbum
403 4320 629 4404 diffiniyeruut,
665 4341 719 4388 tuo
753 4327 849 4388 errori
882 4323 1072 4403 adstipulari·
1127 4318 1156 4383 0
1185 4320 1283 4383 miser
