2806 4800
658 180 734 256 150

124 368 258 429 hominis
279 361 427 442 ascendit,
458 366 662 444 prophetante
683 363 771 426 Esaia
793 376 822 424 et
843 361 971 424 docente
994 361 1172 424 Coriutlrios
1193 383 1272 444 apo·

124 472 212 532 stolo.
255 467 315 532 Sed
335 479 483 550 qttantam
502 467 536 527 in
558 465 607 528 his
627 465 719 527 fidem
742 467 841 526 bonas
863 464 1045 527 christianus
1066 462 1104 527 de
1126 465 1271 526 coumlia·

124 583 190 632 torc
211 571 270 632 sibi
291 571 392 631 lacera
412 567 538 645 debeat,
572 569 627 650 qai
653 585 800 630 errorem
821 570 903 629 lsuisc
922 565 1035 629 nedum
1056 564 1090 627 in
1110 565 1271 643 medicina,
1288 601 1291 605 ·

124 671 177 734 sed
197 684 262 734 lota
279 663 680 750 religioneintroduxerit,
712 666 751 732 ear
781 690 817 732 co
849 681 952 749 patere
983 678 1098 748 potest,
1129 667 1214 750 qssod
1243 670 1271 732 is

125 790 270 854 persaepe
289 774 322 834 in
344 773 411 834 aliis
434 773 525 833 etiam
547 766 682 832 minimis
702 792 721 833 a
742 772 874 835 veritate·
890 769 1047 832 descivis—
1080 771 1165 832 Dum
1186 773 1270 833 euim

124 873 283 953 problema
317 873 487 935 Aristotelis
516 870 710 952 interpretari
747 872 855 947 vellet,
895 890 961 953 quo
992 883 1057 934 erat
1086 872 1271 953 quaesitum,

123 986 252 1055 propter
273 972 357 1056 qttod
382 994 469 1036 rosae
490 973 638 1034 habentes
651 973 789 1034 strictum
811 973 991 1032 umbilicum
1012 960 1270 1050 saravius'olsant',

124 1076 226 1136 nescio
243 1096 310 1160 quo
329 1075 444 1137 infelici
464 1072 564 1136 sidere
575 1074 747 1154 auspicatus
768 1073 962 1151 astrologicae
977 1074 1118 1135 rationes¹
1129 1071 1271 1151 adduxit,

124 1196 220 1258 quare
242 1177 382 1239 homiues
401 1173 551 1239 ¹lubentes
566 1175 705 1238 strictum
726 1168 906 1237 umbilicum
928 1197 990 1236 non
1010 1176 1128 1255 possint
1140 1175 1271 1239 odorare

124 1296 218 1340 rosas.
261 1276 352 1353 Quod
375 1296 438 1341 non
459 1279 668 1342 alioetenisse
688 1291 774 1359 palo,
795 1276 1000 1359 quanriductu
1018 1278 1154 1356 magistri
1173 1291 1271 1340 amru·

125 1379 223 1456 logias
252 1377 475 1458 divinatorum,
514 1382 653 1451 amnium
688 1382 871 1444 fallacissimi
888 1380 1029 1461 spiritus
1057 1381 1188 1459 erroris,
1218 1382 1270 1444 cui

125 1498 249 1559 semper·
266 1502 334 1542 cum
365 1480 493 1546 cantata
521 1486 639 1546 bellum
670 1496 725 1546 est.
777 1487 805 1545 ls
839 1485 920 1545 euim
950 1496 1112 1547 sectatores
1131 1496 1271 1560 suos-,ct

125 1580 238 1659 quibus
266 1585 461 1664 astrologiam
488 1582 986 1664 suggesserim-aleosinvolvere*
1005 1582 1271 1668 circitmagcr'cque

124 1685 216 1761 solet,
236 1696 271 1746 ut
291 1685 404 1749 aeduam
427 1684 573 1751 adseclas
589 1689 753 1750 'veritatem
771 1699 930 1766 pugnent,
959 1685 1012 1749 sed
1034 1684 1272 1768 etism'lsibipsis

125 1784 329 1851 contradicant
349 1802 380 1852 st
400 1791 527 1870 propria
555 1787 700 1868 dogmata-
720 1787 892 1850 destruunt.
941 1790 1035 1848 Plura
1064 1790 1190 1870 concupi
1217 1788 1271 1852 ad·

126 1908 230 1950 versata
263 1891 420 1952 homiaem
455 1892 679 1970 vaniglorium3
719 1889 781 1952 sed
812 1912 851 1952 ne
886 1891 992 1953 violati
1026 1892 1180 1970 sepsslcltri
1212 1891 1271 1952 cti·

124 1992 216 2054 minis
246 1994 420 2070 insimuler,
456 2007 561 2056 uincta
593 1996 689 2056 verbo
716 1996 919 2072 complector-:²
947 1991 1088 2074 quotiens
1120 1994 1208 2055 snitu
1230 1992 1270 2057 dc

122 2114 155 2154 se
183 2098 299 2157 excelsa
319 2095 489 2175 praedicat,
518 2097 675 2175 vulgatum
704 2093 781 2155 illud
804 2095 898 2156 attenti
917 2086 1062 2159 insideat:
1095 2097 1270 2176 parturiunt

124 2207 242 2256 montes
262 2209 317 2258 stc.
620 2212 623 2219 ·

144 2453 409 2521 ,Correlarium
433 2446 580 2525 tunicum
603 2467 638 2515 et
660 2454 782 2514 linala
804 2455 1012 2536 zopltiatao.
1040 2456 1120 2540 (Vll.
1143 2454 1182 2515 D.
1206 2453 1248 2539 a.)

210 2607 292 2685 Quid
314 2607 425 2670 iterum
448 2607 607 2684 mussitas,
628 2604 792 2687 sophista?
819 2607 933 2670 Medici
954 2622 1082 2690 possunt
1102 2609 1269 2671 exactione

123 2715 222 2787 laesa,
252 2712 397 2792 qualitate
417 2700 534 2770 nttttata
561 2722 592 2771 et
619 2713 820 2788 exeuntibus,
849 2713 946 2775 veluti
976 2713 1111 2792 propriis
1140 2726 1171 2775 et
1194 2712 1269 2774 sub·

124 2811 306 2874 stantialiter
324 2813 553 2874 inhaerentibus
582 2811 675 2889 signis
699 2825 729 2873 et
756 2813 788 2873 in
816 2833 850 2875 rs
871 2816 1046 2894 particulari
1076 2827 1107 2877 et
1126 2811 1269 2876 determi-

124 2929 194 2978 nata
215 2935 318 2992 causa,
338 2936 432 2995 super
452 2913 550 2993 aegris
571 2913 673 2975 listina
697 2912 887 2992 praedicere:
914 2937 987 2998 ergo
1008 2921 1178 2997 astrologus
1199 2930 1269 2998 pot·

123 3032 169 3081 est
187 3017 287 3095 idem,
309 3019 421 3080 scilicet
442 3038 483 3079 ex
504 3037 592 3079 causa
615 3017 800 3095 universali,
821 3019 1005 3102 aequitare,
1033 3020 1269 3085 indeterminata

123 3134 153 3184 et
175 3144 254 3204 quae
282 3140 338 3206 per
367 3146 399 3188 se
425 3125 620 3206 particularia
651 3146 712 3188 non
741 3124 890 3204 intendit,
914 3129 1035 3192 festinos
1061 3131 1268 3210 contingentes

123 3238 153 3285 et
174 3228 371 3303 particulares
390 3241 518 3291 eventus
546 3239 576 3290 el
604 3227 660 3309 qui
684 3222 816 3309 ‘proretis
849 3253 970 3293 calisam
992 3233 1024 3293 iu
1046 3235 1129 3295 coelo
1151 3234 1267 3295 nullam

123 3326 248 3402 habent,
266 3331 503 3406 prognosticam.
547 3331 681 3408 Debilis,
699 3333 842 3414 inquam,
866 3350 900 3395 ac
922 3337 1096 3397 tenacissima
1117 3338 1269 3415 argutiola

123 3437 168 3487 est
189 3438 228 3501 et,
250 3448 330 3507 quae
351 3448 412 3488 non
434 3431 529 3491 altero
543 3442 658 3494 tantum
671 3431 1122 3509 pedeclaudicat,sin1ilitudo.
1165 3439 1269 3500 Nove·

123 3538 212 3602 runt,
235 3527 377 3608 inquam,
408 3527 518 3589 medici
547 3527 721 3608 prudentes·
744 3533 777 3592 iu
808 3546 873 3596 arte
903 3556 996 3616 super
1025 3535 1269 3614 aegritudinibus

123 3631 226 3692 futttm
243 3629 487 3711 prognosticam,
510 3629 560 3692 sed
584 3624 744 3711 astrologi,
766 3627 824 3697 nisi
841 3633 917 3696 liant
938 3634 1089 3713 theologi,
1108 3654 1268 3714 nuuquam

122 3746 250 3814 possunt
270 3734 347 3794 bena
361 3731 546 3813 praedicare.
588 3732 681 3799 Mitto
701 3734 829 3799 ridlutla
843 3749 871 3798 et
888 3737 1015 3798 meliora
1026 3753 1159 3815 capesso.
1201 3734 1268 3794 lon.

122 3835 211 3896 Picus
232 3831 410 3896 Mirandula
438 3835 470 3895 iu
502 3833 683 3900 admirando
712 3856 805 3918 opera
837 3831 894 3900 sato
926 3858 1084 3920 nunquam
1110 3856 1168 3916 pro
1203 3835 1267 3897 sius

123 3934 270 4015 dignitate
291 3937 363 3998 satis
383 3934 524 4014 laudato,
553 3936 638 4020 qttod
660 3936 807 4002 adversus
829 3941 995 4020 astrologos
1016 3938 1207 4019 conscripsit,
1226 3938 1267 4000 si-

124 4036 289 4098 militaria
310 4037 392 4099 libro
410 4051 514 4101 contra
536 4046 651 4120 septem
674 4042 775 4102 hostes
797 4042 947 4117 ecclesiae,
968 4043 999 4102 iu
1013 4062 1076 4124 quo
1092 4054 1136 4103 tol
1155 4054 1271 4122 myste·.

123 4137 170 4198 ria
189 4137 260 4200 fidei
283 4139 493 4219 continentur,
514 4154 591 4224 quot
612 4145 723 4218 verba,
745 4146 924 4207 monstravit
944 4167 994 4220 ea,
1016 4168 1096 4228 quiae
1117 4147 1181 4208 sola
1202 4142 1265 4205 sul-

124 4237 227 4300 ficiunt
256 4236 295 4298 acl
329 4240 541 4303 condttaadam
570 4241 856 4329 expslodendamque
888 4249 1099 4327 astrologicam
1123 4242 1265 4326 ¹'pacando-
