2806 4800
673 241 758 316 107*

141 431 285 510 masticis,
305 429 395 509 anisi,
415 426 635 509 carpobalsami
648 447 712 489 ana
729 429 784 513 ifl·
805 426 882 490 salia
896 447 1033 509 gamatus
1054 426 1103 513 9).
1139 429 1279 492 Bulliaat

140 537 183 597 in'
194 557 276 620 aqua
296 533 375 598 casai
394 530 435 594 ad
452 532 565 593 libram
584 530 633 613 iss.
654 542 684 592 ct
700 542 864 613 postquam
885 529 939 594 diu
958 533 1114 610 steterint,
1143 534 1280 595 colentur

140 660 210 701 cum
227 637 439 718 expressione,
463 647 494 697 et
512 634 694 715 siropisetur
713 631 871 706 decoctum
892 655 962 696 cum
982 636 1073 709 melle
1090 650 1230 697 rosarum
1248 647 1279 697 ct

139 761 257 823 sympo
285 736 324 800 de
343 738 429 834 fumo
455 747 554 798 terrae
585 747 616 798 et
643 733 682 796 de
709 736 871 815 epithimio
896 756 975 814 ana,
1005 747 1100 816 prout
1125 736 1202 798 libet
1220 755 1304 820 prs)⁸

139 841 361 918 dulcoratione,
382 852 412 902 ct
429 849 530 920 potest
550 835 640 914 addi,
659 838 801 899 subtrahi
822 850 852 900 et
871 838 993 900 alterari
1014 839 1048 898 iu
1073 835 1228 916 digestim
1248 849 1279 899 et

137 945 298 1023 laxativis,
318 944 395 1007 sicut
416 939 573 1005 videbitur
593 937 712 1003 medico
731 937 877 1020 prudenti
898 939 1052 1022 expedire.
1093 941 1186 1003 Dosis
1200 936 1280 1030 giiij.

138 1048 171 1109 in
193 1068 303 1111 aurora
321 1049 380 1112 sub
391 1047 501 1110 munli
523 1043 686 1124 caliditate,
707 1043 913 1109 condonando
933 1059 1046 1108 terant
1064 1057 1182 1128 quaten
1200 1043 1279 1106 sicut

136 1151 296 1213 necessitas
324 1163 422 1215 uocat.
454 1151 502 1213 ¹lit
528 1150 656 1230 siopua
682 1151 740 1212 erit
759 1151 846 1231 pluri·
863 1151 1068 1212 evacuatione.
1110 1151 1181 1211 Rcc.
1201 1148 1278 1210 Dia·

136 1253 274 1315 catholic.
294 1253 458 1335 simplicis,
489 1252 643 1316 electuarii
673 1251 712 1314 de
741 1273 830 1316 succo
859 1264 1013 1316 rosarum'
1029 1265 1060 1315 et
1084 1248 1278 1314 confectionis

135 1357 251 1416 Hamec
269 1337 327 1417 ana
348 1356 414 1441 giss.
435 1367 489 1417 aut
509 1357 616 1435 paullo
646 1356 719 1435 plus
746 1367 799 1417 aut
822 1356 923 1418 minata
952 1355 1038 1417 iuxta
1063 1367 1205 1416 naturam
1224 1372 1278 1413 au·

134 1457 261 1535 mentia,
299 1456 485 1538 diusmpera
512 1457 546 1518 in
578 1451 634 1545 {ii
666 1455 846 1521 decoctionis
874 1455 987 1531 dictae,
1026 1467 1056 1518 et
1084 1453 1174 1518 detur
1200 1456 1278 1516 bora

135 1553 215 1619 dicta
245 1558 396 1641 seruando
431 1558 562 1621 diaetam
591 1572 801 1639 purgatorum.
863 1558 898 1622 Si
929 1559 1001 1642 quia
1031 1577 1103 1622 vero
1131 1557 1215 1638 cupit
1243 1559 1278 1618 in

135 1660 316 1738 electuario,
344 1663 487 1738 consulo,
518 1657 604 1743 quod
633 1674 734 1724 sumat
764 1682 803 1722 ex
825 1657 1064 1725 dincatbolicone
1088 1659 1220 1740 simplici
1247 1671 1277 1720 et

135 1762 321 1823 coniectione
341 1763 455 1823 Hamec
474 1783 533 1824 ana
552 1762 615 1845 giij.
634 1765 688 1826 ael
709 1762 741 1823 in
772 1760 923 1825 defectum
948 1760 1143 1824 moienionis
1161 1760 1278 1822 Hamae

135 1873 270 1940 ponatur
292 1860 470 1922 tantundem
492 1864 646 1924 electuarii
666 1865 746 1926 succi
768 1883 917 1926 rosarum.
930 1864 1076 1941 lutatiui,
1094 1863 1188 1925 misce
1207 1882 1276 1924 cum
1362 1931 1366 1940 ‚

135 1961 202 2046 gisi.
226 1958 397 2023 diasennae.
440 1965 478 2026 Et
499 1964 526 2026 si
545 1965 669 2045 pillulas
692 1979 795 2045 optat,
815 1965 907 2027 laudo
937 1967 1018 2028 stimi
1041 1987 1080 2029 ex
1098 1966 1217 2048 pillulis
1239 1963 1277 2026 de

133 2062 221 2123 fumo
241 2074 359 2140 terrae,
379 2060 460 2124 indis
476 2076 512 2126 et
541 2065 734 2144 aggrctativis
756 2086 814 2127 ana
836 2063 885 2146 θ).
906 2067 1096 2143 autminus,
1125 2066 1201 2127 sicut
1221 2085 1277 2125 na-

132 2175 203 2225 tura
222 2165 358 2244 corporis
384 2165 526 2248 requirit.
576 2164 663 2242 Quae
691 2166 859 2231 medicinae
879 2165 920 2230 'in
952 2174 1062 2250 quarta
1090 2179 1177 2248 parte
1204 2166 1277 2230 anni

133 2278 223 2327 erunt
243 2262 413 2344 iterandae,
445 2268 546 2332 medio
574 2290 648 2334 vero
678 2282 816 2350 tempore
836 2258 1009 2349 mitioribus
1036 2269 1101 2332 ‘erit
1127 2267 1276 2332 utendum

131 2368 316 2450 frequenter.
370 2372 405 2432 ln
434 2372 493 2434 hoc
512 2372 595 2435 valet
616 2370 750 2434 decoctio
772 2372 912 2453 epithimi
932 2372 1011 2434 facta
1032 2372 1067 2433 in
1087 2391 1168 2455 aqua
1188 2372 1276 2450 casei,

132 2472 218 2532 omni
237 2471 405 2552 septimana
419 2475 472 2536 aut
493 2476 599 2537 saltem
620 2471 776 2560 quindena
796 2472 889 2536 semel
909 2486 962 2537 aut
982 2470 1033 2536 bis
1050 2471 1199 2537 animando
1219 2476 1275 2539 bo·

131 2594 207 2634 num
227 2575 371 2636 baustum
394 2596 433 2638 ex
455 2598 499 2640 ea.
541 2578 587 2640 lta
612 2579 838 2640 enim‘Pauaus
866 2575 982 2640 decima
1003 2579 1092 2642 tertia
1119 2578 1275 2640 contiuea-

131 2676 169 2739 tis
190 2670 257 2748 eam
278 2674 362 2740 dedit
384 2677 424 2740 ad
446 2679 704 2760 praeservandum
735 2684 775 2743 ab
802 2683 1039 2763 apostematibus
1060 2682 1174 2762 pravis.
1225 2680 1275 2744 Siss

130 2778 246 2842 militer
268 2779 358 2843 iussit
376 2802 442 2843 eam
464 2783 579 2869 iteratis
600 2782 667 2845 dari
689 2784 805 2847 vicibus
827 2780 985 2846 Auernus
1006 2783 1040 2846 in
1060 2784 1161 2865 prima
1182 2780 1275 2860 tertii,

130 2883 263 2964 capitolo
284 2879 322 2942 de
344 2884 530 2946 melancolia.
580 2884 698 2947 Bulliat
724 2906 797 2966 crgo
827 2876 886 2971 ξβ.
919 2884 1060 2967 epithimi
1076 2886 1121 2947 'in
1141 2886 1213 2948 libr.
1238 2887 1273 2968 β.

130 2987 191 3049 seri
211 2984 327 3067 caprini
355 2985 446 3046 stoica·
472 2999 591 3049 tanturn
619 2986 815 3065 ebullitione,
847 3000 878 3052 et
897 3000 996 3070 potest
1016 2984 1089 3050 addi
1108 2990 1187 3051 anisi
1206 2991 1275 3071 gssi,

128 3088 206 3152 sicot
227 3098 348 3169 ponunt
370 3088 552 3152 Gonnouros
574 3102 603 3152 et
624 3090 794 3154 Gauianus
815 3112 855 3151 na
877 3091 979 3167 Suco,
1008 3101 1136 3170 propter
1153 3089 1274 3151 sonora

127 3203 193 3254 tare
211 3191 328 3255 uiscera
346 3203 377 3252 et
398 3195 565 3255 carminare
585 3206 701 3255 ventos.
751 3192 858 3254 Solent
885 3192 967 3251 enim
987 3191 1131 3252 materiae
1151 3210 1276 3270 monae

126 3295 310 3374 plerumque
330 3296 501 3370 ventosari,
522 3307 557 3355 ut
578 3314 618 3354 ex
639 3292 741 3372 prima
761 3293 843 3354 tertii
865 3291 992 3353 elicitur.
1035 3292 1072 3354 Et
1085 3294 1112 3355 'si
1133 3294 1274 3356 horreret

117 3394 304 3478 ‘'potionem,
318 3409 430 3471 ¹summ
459 3389 508 3474 Bj.
535 3409 590 3458 aut
621 3396 738 3459 circiter
765 3417 805 3458 ex
831 3397 950 3478 pillulis
980 3394 1018 3460 de
1046 3398 1110 3465 iera
1140 3397 1271 3477 simplici

127 3499 260 3569 Gasrrur
279 3517 358 3561 cum·
370 3498 472 3576 grauis
491 3499 593 3587 ij.7vcl
613 3498 657 3576 iij.
680 3500 861 3563 reubarbari
885 3513 939 3565 aut
966 3503 1111 3567 corticum
1135 3503 1271 3566 miroba-

124 3603 268 3661 lauorum
289 3597 484 3679 citrinorum,
503 3615 557 3665 aut
575 3603 699 3683 pillulas
720 3599 758 3664 dc
777 3604 845 3665 aloe
865 3605 929 3668 loto
950 3605 983 3667 in
1007 3604 1113 3678 eadem
1133 3605 1219 3682 dosi,
1240 3617 1270 3668 et

126 3723 175 3764 aas
194 3702 283 3764 iteret
304 3703 449 3764 crebrius.
490 3703 536 3766 'Si
567 3705 637 3786 quis
669 3718 771 3767 autem
797 3703 937 3786 diligeret
966 3710 1108 3771 materias
1133 3708 1271 3788 digerere

124 3806 220 3884 magis
240 3825 309 3867 cum
338 3807 461 3886 synopis
489 3810 666 3884 usualibus,
696 3808 748 3872 liat
775 3809 827 3872 sic.
880 3811 950 3872 Res.
981 3811 1098 3892 Syrupi
1123 3808 1161 3872 de
1182 3810 1268 3870 fonto

125 3921 239 3984 terrae,
272 3907 311 3970 de
340 3909 500 3989 epithimio
531 3932 590 3973 ana
612 3899 671 3994 Ξβ.
691 3913 801 3992 syrupi
831 3913 941 3974 acetoai
971 3913 1134 3994 simplicis,
1167 3911 1268 3975 mellis

124 4009 219 4071 manti
238 4008 327 4072 colati
346 4031 405 4072 ana
426 4013 489 4095 giij.
519 4035 670 4095 aquarum
691 4014 770 4075 furni
789 4025 905 4090 terrae,
936 4015 1267 4094 nonaginta-scatio-

123 4110 176 4173 sae
195 4132 254 4175 ana
276 4109 319 4201 ᾗ.
361 4115 467 4194 Misce,
487 4114 693 4179 condonando
715 4118 799 4178 laune
818 4116 1020 4178 vel-similem
1039 4136 1190 4198 syropum
1210 4141 1267 4201 per

123 4223 259 4293 quatuor
280 4229 334 4279 aut
366 4239 421 4277 sex
452 4213 534 4293 dies,
570 4215 681 4279 deinde
713 4231 875 4282 evacuetur
903 4217 1030 4278 materia
1059 4216 1265 4301 digesta‘cum

122 4313 267 4378 lautitia
297 4315 476 4398 praedieth,
509 4320 652 4400 aequanti
677 4317 727 4382 die
755 4333 825 4401 post
853 4319 1067 4402 purgationem
1097 4321 1187 4387 detur
1210 4324 1265 4387 illa
