2806 4800
698 247 772 321 174

164 447 280 511 dederit
312 461 515 525 campumque
547 438 644 504 victus
665 437 799 519 liquerit
829 430 1057 514 paraphrasten,
1095 421 1223 488 maiore*
1239 453 1312 510 gra-

163 553 312 633 vioraque
331 559 506 630 sequentur.
557 548 649 607 Plora
668 545 702 604 in
723 545 806 604 hasne
826 539 919 603 modo
952 537 1078 602 (licenda
1108 549 1223 611 esssnta
1255 534 1310 597 sed

166 677 205 717 ne
224 671 326 714 amare
349 648 555 730 prolixitatem
580 659 608 708 et
630 664 695 707 esse
716 643 804 706 oneri
825 639 1057 716 nobissimae,
1091 637 1312 716 indignationis

163 755 257 820 modo
276 755 344 817 vela
363 749 488 828 cadant3
509 750 614 831 sieque
634 746 674 808 ad
696 759 795 808 errata
816 766 871 806 sna
893 744 1013 823 singula
1033 741 1221 803 discutienda
1246 762 1312 804 me-

165 856 294 921 dullitus
315 876 351 916 ac
369 849 535 914 refellenda
557 848 702 912 radicitus
722 848 881 930 praecipiti
899 867 980 908 ntiae
998 847 1078 906 feror
1098 848 1223 922 calamo,
1246 867 1310 908 rem
1372 844 1375 849 ’

164 959 349 1045 posteritatis
368 969 506 1032 acturus,
544 974 678 1037 quomnn
709 953 857 1013 nonnulla
883 951 1095 1012 annotavimus
1116 949 1186 1010 ideo
1207 951 1240 1010 in
1262 951 1312 1011 in·

164 1059 269 1146 gressa
292 1062 411 1142 operis,
439 1071 475 1122 ut
495 1060 591 1138 magis
618 1070 691 1120 nota
719 1056 792 1119 liant
829 1069 859 1118 et
889 1056 979 1117 amici
1008 1055 1106 1116 nostri
1134 1056 1252 1134 possint
1278 1057 1311 1116 iu

164 1188 220 1230 nos
243 1165 321 1227 salso
339 1163 457 1223 obieeta
477 1163 605 1223 veritate
632 1162 699 1242 ipsa
722 1157 902 1235 retundere,
931 1170 1025 1239 etque
1046 1159 1146 1220 etiam*
1162 1171 1196 1220 nt
1217 1179 1311 1241 qnam

163 1287 260 1349 pauca
279 1266 480 1348 placuissent,
511 1277 663 1328 comtum
686 1266 782 1326 mirlta
813 1284 830 1325 e
861 1246 979 1343 scriptis
999 1261 1063 1323 siris
1090 1259 1313 1341 displicuerint,

161 1368 381 1450 intelligeretis·

422 1607 607 1680 Annotatio
639 1602 793 1677 errorum
822 1603 1059 1704 principaliter

281 1743 338 1800 aut
373 1744 620 1826 consequenter
657 1743 893 1800 contentarum
929 1725 965 1799 in
997 1726 1197 1799 alabandica

624 1843 854 1919 declaratione

447 2016 450 2022 .
530 1964 572 2036 Ι).
594 1962 753 2037 ¹Snnoms
775 1966 954 2040 Prsroms.

624 2150 863 2224 Praelationis.

169 2313 198 2369 1.
242 2307 325 2368 Dare
344 2308 445 2367 locum
466 2303 647 2384 patientiae,
673 2305 729 2365 nbi
750 2307 861 2368 veritas
883 2305 1101 2381 contemnitur,
1122 2327 1217 2366 error.

169 2413 198 2468 2.
242 2404 386 2468 Studium
406 2425 510 2466 rerum
532 2415 561 2465 et
584 2404 745 2465 nomicum
766 2405 865 2467 eidem
887 2427 948 2468 non
971 2407 1085 2480 inesse,
1106 2426 1201 2467 error.

171 2511 200 2569 3.
244 2507 457 2591 Non-servare
479 2505 531 2585 id,
553 2505 592 2569 ad
614 2506 699 2591 quod
719 2509 795 2571 alios
816 2506 952 2587 inducis,
972 2529 1068 2572 error.

528 2729 766 2805 Conclusionis
793 2732 934 2832 primae.

172 2887 201 2945 1.
245 2883 328 2944 Dare
344 2882 517 2946 instantiam
539 2885 656 2951 intuta
680 2888 772 2964 laisa,
792 2906 888 2950 error.

171 2992 201 3050 2.
243 2988 537 3051 Malumfraneicum
549 3011 613 3053 non
624 2989 769 3055 reducere
778 2990 818 3055 ad
837 2993 878 3053 lll
900 2991 1004 3071 partic.
1022 2992 1200 3071 aphorism„
1221 3012 1315 3054 error.

170 3097 202 3156 3.
244 3092 375 3157 Morbus
394 3089 579 3173 epidemicus
600 3096 620 3156 i.
648 3117 674 3157 e.
691 3094 880 3172 adveniens,
900 3115 996 3156 error.

170 3206 200 3262 4.
244 3201 362 3262 Docere
382 3198 448 3262 sine
468 3200 646 3264 auctoritate
666 3203 716 3264 vel
736 3202 871 3278 ratione,
893 3219 989 3262 error.

172 3304 201 3362 5.
246 3301 402 3363 Cholicam
413 3302 600 3388 qtrandoqne
610 3318 640 3368 et
651 3303 839 3389 quandoque
850 3323 911 3366 non
926 3299 1125 3384 epidemieam
1135 3323 1208 3378 esse,
1220 3322 1314 3366 error.

172 3407 203 3465 6.
245 3405 417 3486 Utramque
437 3408 585 3470 cholicam
606 3408 742 3472 eiusdem
764 3409 898 3472 nominis
929 3419 960 3468 et
979 3407 1090 3488 speciei
1110 3424 1191 3478 esse,
1216 3425 1317 3466 error.

174 3507 204 3565 7.
247 3505 426 3582 Bubonem,
454 3509 569 3573 bethor
595 3525 626 3574 et
646 3525 743 3574 cetera
763 3525 901 3591 tempore
930 3511 1023 3589 pestis
1051 3509 1185 3586 recipere
1214 3508 1319 3589 apide·

275 3604 698 3686 micam‘dsnominationem,
719 3633 815 3674 error.
883 3636 895 3664 ι·
996 3634 998 3639 ·
1170 3619 1174 3623 ’

175 3712 205 3771 8.
247 3707 400 3784 murae,
424 3707 509 3790 qnod
533 3711 689 3774 Auernum
711 3711 969 3791 ponetscnoticam
992 3706 1204 3787 epidcmicam,
1224 3728 1320 3768 error.

173 3813 205 3874 9.
248 3808 373 3872 Distat-s
391 3809 468 3874 lebr.
490 3810 589 3893 pestil.
609 3811 776 3895 aputridis
796 3832 852 3892 per
871 3811 1052 3875 venenosam
1071 3807 1247 3890 qualitatem
1266 3808 1320 3869 ad-

275 3910 386 3990 ditam,
407 3910 503 3976 error.
529 3941 534 3948 ·

177 4021 229 4079 10.
250 4018 359 4080 Dicere
379 4019 495 4079 malum
517 4019 682 4087 francicam
705 4021 913 4085 axanthimata
934 4037 1015 4094 esse,
1038 4036 1133 4078 error.

179 4122 229 4178 1-1.
249 4119 358 4183 Dicere
377 4124 538 4209 nlltomers
560 4123 772 4208 epidemialia,
793 4143 890 4187 error.

179 4226 229 4287 12.
250 4225 583 4308 Errores'praellrtos-et
596 4232 767 4295 consimiles
777 4250 842 4293 esse
853 4230 886 4290 in
898 4225 1046 4290 medicina
1056 4227 1205 4306 vulgatos,
1224 4244 1320 4287 error.

178 4327 370 4392 tit.·llalnm
388 4329 555 4396 lmncimm
571 4337 671 4398 solam
688 4333 930 4399 damelancoIia
952 4350 1033 4408 esse,
1054 4350 1150 4394 error.
