2806 4800
695 207 772 280 354

161 395 325 477 phantiasi,
353 414 408 457 uec
426 391 607 472 liobsuibus,
629 414 684 457 nee
703 391 867 476 podagrae,
892 415 947 457 nec
969 405 1146 475 mentagrae
1168 393 1270 474 cedat,
1291 399 1317 459 ai

161 518 210 560 res
232 498 333 560 veniat
356 496 389 557 in
411 509 572 558 certamen.

248 604 327 663 Patr.
369 602 413 661 lta
434 596 610 680 praedicant
631 593 818 660 medicorum
839 597 905 660 lilii.
932 683 936 693 Ι

248 725 339 786 θοὸν.
381 719 464 797 Quid
487 720 649 802 depingam
671 718 829 802 puellam?
852 756 895 768 -
915 718 1044 784 dixisses
1065 718 1155 784 deam
1180 745 1312 788 esse.—

158 824 283 886 luterim
304 823 419 906 prodiit
439 825 529 887 uobis
549 827 654 887 beatus
675 826 727 887 ille
748 846 895 907 sponsus,
924 839 1032 888 trunco
1053 846 1145 902 nasu,
1178 831 1309 891 alteram

157 927 281 989 trabeas
301 928 426 1005 tibiam,
462 926 515 989 sed
536 928 640 991 minus
660 929 789 990 feliciter
818 949 912 1011 quam
936 930 1035 991 solent
1055 927 1211 1009 Suitseri3
1244 952 1312 992 ma·

159 1028 249 1091 uibus
270 1031 399 1107 scabris,
432 1031 531 1093 halitu
553 1031 659 1111 gravi,
693 1033 788 1093 oculis
818 1029 990 1110 languidis,
1022 1032 1120 1113 capita
1142 1033 1309 1113 obsidatu,
1377 1088 1382 1111 ,

157 1133 255 1194 sanies
277 1147 307 1196 et
327 1157 344 1196 e
365 1135 491 1199 naribus
524 1149 553 1197 et
581 1157 620 1197 ex
640 1136 768 1196 auribus
789 1135 912 1197 sstrebat.
966 1135 1029 1196 Alli
1050 1131 1165 1216 digitos
1191 1139 1309 1200 habeut

156 1237 307 1314 anulatos,
327 1235 381 1300 ille
403 1237 493 1299 etiam
517 1239 550 1299 in
572 1239 687 1299 femore
707 1250 803 1318 gestat
824 1240 942 1300 aurtlos.
999 1252 1004 1271 ¹

243 1359 321 1420 Patr.
368 1352 451 1429 Ouid
473 1357 650 1437 parentibus
669 1355 786 1437 accidit,
806 1371 841 1421 ut
861 1359 952 1421 talem
965 1355 1059 1419 liliam
1082 1355 1141 1418 tali
1160 1371 1306 1440 portento

158 1453 402 1519 committerent?

244 1563 335 1624 Gabr.
376 1558 504 1636 Nescio,
534 1559 594 1622 nisi
621 1558 706 1644 quod
736 1559 829 1626 hodie
861 1563 1015 1648 plerisque
1042 1559 1167 1626 videtur
1198 1561 1304 1625 adem·

156 1674 188 1723 ta
211 1682 307 1725 mens.
942 1677 945 1683 '

241 1770 320 1828 Patr.
362 1767 445 1828 Vera
466 1764 630 1847 praedicas.
673 1767 757 1830 Mihi
776 1771 868 1849 plane
881 1766 1002 1831 videtur
1013 1768 1072 1830 boc
1092 1767 1211 1829 factum
1227 1770 1302 1831 Me·

155 1870 287 1930 zeutio
309 1866 457 1949 dignum,
487 1870 542 1952 qui
563 1881 700 1947 mortua,
729 1884 763 1933 ut
783 1871 885 1954 iuquit
905 1871 1032 1947 Maro,
1063 1868 1214 1948 iungebat
1237 1886 1302 1933 cor·

153 1991 230 2051 pora
251 1971 347 2048 vivis,
376 1992 561 2053 componens
591 1973 795 2055 manibusque
818 1994 945 2050 manus,
972 1985 1064 2054 atqua
1091 1971 1202 2034 oribus
1230 1992 1299 2034 ora:

154 2095 341 2158 quamquam
365 2097 421 2138 nec
440 2075 681 2152 Mezentius,
710 2075 743 2136 ni
763 2076 872 2152 fallor,
904 2062 966 2138 tam
987 2075 1128 2137 immanis
1150 2088 1240 2152 erat,
1269 2089 1300 2136 ut

154 2189 216 2239 tam
244 2180 406 2240 amabilem
435 2179 570 2258 puellam
599 2175 739 2240 cadaveri
766 2178 923 2258 iungere13
960 2200 1014 2240 nec
1039 2179 1139 2239 ullum
1169 2177 1300 2241 cadaver

154 2293 207 2357 est,
230 2283 278 2342 cui
300 2301 361 2343 non
384 2282 471 2361 iungi
493 2282 589 2356 malis,
613 2301 704 2364 quam
726 2293 789 2343 tam
810 2279 919 2364 putido
942 2279 1089 2344 cadaveri.
1135 2280 1299 2364 Siquidem

154 2384 213 2444 hoc
232 2384 353 2463 ipsum,
389 2383 474 2465 quod
496 2386 609 2464 spirat,
630 2405 748 2444 merum
770 2395 816 2446 ast
837 2405 1006 2464 senensem,
1042 2380 1126 2466 quod
1149 2385 1300 2467 loquitur,

155 2488 247 2566 pestis
270 2500 331 2564 est;
353 2485 437 2568 quod
458 2486 614 2564 contingit,
636 2507 719 2548 urors
740 2499 794 2548 est.
813 2519 853 2532 ·-

242 2608 333 2669 θοὸν.
376 2605 417 2667 At
437 2607 512 2667 haec
532 2607 598 2668 lues
619 2618 663 2668 est
687 2606 771 2667 omni
792 2607 878 2686 lepra
908 2617 975 2669 tum
998 2608 1120 2682 tetrior,
1154 2620 1226 2670 tum
1248 2630 1301 2672 uo·

153 2709 276 2771 cantior.
312 2707 391 2770 Nam
412 2708 500 2771 citius
522 2709 626 2790 serpit,
647 2721 675 2771 et
694 2707 824 2771 subinde
843 2709 983 2788 recurrit,
1004 2733 1039 2772 ac
1053 2711 1237 2792 frequenter
1252 2734 1302 2774 oc·

153 2809 235 2888 cidit,
256 2832 324 2872 cum
346 2830 570 2893 nonnunquam
596 2814 682 2892 lepra
713 2814 792 2876 sinat
812 2813 969 2877 homiuem
991 2810 1031 2875 ad
1053 2825 1226 2876 extremam
1248 2835 1303 2876 us-

154 2937 215 2998 que
236 2927 419 2978 senectutem
444 2917 556 2980 rivere.
570 2950 610 2963 -

238 3024 317 3084 Petr.
358 3018 487 3104 Aliquid
506 3032 607 3083 tamen
630 3018 722 3083 luerit
743 3030 874 3100 oportet,
895 3016 982 3101 quod
1000 3019 1090 3082 illum
1103 3019 1304 3082 commenda·

151 3126 192 3188 rit
214 3125 403 3207 parentibus.

239 3231 330 3292 Gabr.
373 3227 461 3290 Nihil
482 3224 565 3288 aliud
588 3247 681 3309 quam
703 3223 869 3305 gloriosum
893 3223 1005 3306 equitis
1027 3243 1150 3287 nomeu.

238 3352 317 3414 Pete.
359 3345 466 3425 Qualia
488 3367 599 3431 eques,
630 3347 680 3409 cui
711 3367 768 3425 per
797 3346 928 3408 scabiem
955 3345 1009 3408 vix
1039 3344 1072 3404 in
1093 3346 1169 3406 sella
1192 3345 1302 3412 sedere

152 3464 237 3530 licet!
259 3505 302 3518 -
347 3467 430 3544 Quid
451 3468 531 3532 dotis
553 3470 604 3531 hic
624 3471 777 3532 Thraso
798 3466 932 3531 conferet
952 3463 992 3528 ad
1010 3461 1177 3547 sponsam?

239 3575 330 3635 Galr.
372 3567 480 3646 Quid?
507 3571 684 3631 maximam.

237 3679 317 3738 Patr.
360 3669 442 3748 Qui?
463 3674 629 3735 maximam
651 3670 811 3735 decoctor?
853 3734 860 3745 ,

237 3796 329 3859 Gahr.
370 3793 443 3856 Siue
465 3814 514 3854 me
536 3794 643 3876 loqui3
677 3793 862 3870 maximam,
890 3795 1035 3876 inquam,
1067 3791 1299 3874 pessimamque

151 3899 291 3961 scabiem.
314 3932 355 3946 —
398 3899 464 3959 lmo
485 3897 544 3959 hoc
564 3917 626 3959 non
647 3909 690 3959 est
712 3896 835 3958 homini
853 3897 988 3973 nubere,
1009 3895 1063 3960 sad
1083 3895 1225 3958 hominis
1248 3917 1299 3958 ca·

151 3999 264 4064 daveri.
287 4011 331 4051 '—
375 4000 522 4081 Corporis
548 4001 631 4062 enim
659 3999 782 4062 habitus
819 4000 915 4061 animi
946 4000 1010 4063 vim
1043 3997 1145 4060 afficit.
1203 3999 1297 4060 Certe

149 4102 203 4162 bic
232 4104 356 4165 morbus
385 4100 540 4186 quidquid
568 4115 613 4164 est
640 4103 761 4164 bomini
792 4103 907 4164 cerebri
940 4105 1017 4164 solet
1047 4101 1229 4163 exhaurire.
1253 4135 1296 4148 -

120 4238 123 4244 ·
149 4205 209 4266 Ista
230 4213 326 4263 totam
347 4215 474 4265 aetatem
495 4204 633 4283 transigit
654 4226 723 4266 cum
743 4207 892 4269 semivivo
906 4204 1061 4270 cadavere.
1104 4203 1139 4267 si
1155 4223 1221 4284 qua
1237 4225 1297 4264 uas-

152 4305 198 4367 bit
217 4298 377 4401 sacerdoti,
395 4303 507 4366 ludunt
525 4305 559 4366 in
576 4319 723 4388 aructum3
741 4321 772 4371 at
793 4311 869 4370 baec
887 4309 974 4390 peius
996 4319 1089 4369 uncto
1109 4307 1229 4387 nupsit.
