2806 4800
659 247 730 321 101

125 434 236 498 lectiae
256 444 286 498 et
297 433 440 598 ίίιιιιιιιιιιι
460 429 534 518 (sub
555 432 670 516 quibus
689 447 766 516 puto
787 434 1006 593 comprehendi
1024 439 1082 502 has
1107 434 1269 521 pustulas),

125 551 171 601 est
191 538 296 619 iugien

210 658 351 722 emunda
369 660 486 739 regula.
537 657 647 725 Omnis
667 669 732 724 ae'r
747 670 870 742 gmssus
898 672 937 724 ct
956 658 1098 724 turbidus
1128 672 1173 722 est
1203 592 1267 721 avi·

124 757 253 836 tardus,
274 760 347 842 quia
367 752 492 842 spiritus
512 771 543 823 ot
563 761 719 825 humores
731 774 890 825 mutamur
907 763 943 824 in
963 763 1075 826 nostris
1087 759 1268 842 corporibus

124 863 294 924 mutatione
312 863 391 924 ae‘ris
410 882 466 925 nos
488 865 684 943 continentis,
704 876 741 930 nt
760 867 894 948 capitulo
914 863 954 928 de
971 875 1054 930 «aero
1068 864 1142 928 dicit
1160 867 1267 928 nans.

125 963 159 1037 Si
171 983 252 1042 ,ergo
273 971 326 1025 aer
346 962 385 1027 sit
403 984 544 1045 massus,
564 963 725 1046 turbidus,
756 966 868 1031 eodem·
887 965 980 1033 modo
1008 979 1098 1033 erunt
1121 968 1268 1043 humores

126 1068 237 1128 nostri:
266 1085 347 1146 ergo.
1144 1124 1147 1129 ,

212 1184 316 1248 Tertia
336 1186 452 1264 regula.
496 1183 609 1250 Omnis
625 1194 681 1249 ιιι·
704 1183 837 1251 foetidus
859 1200 905 1250 est
934 1185 1097 1269 fugiendus
1123 1198 1155 1250 et
1178 1205 1267 1266 prae·

124 1291 230 1354 sertim
264 1289 298 1351 iu
335 1301 461 1367 aestate,
494 1302 528 1352 ut
565 1291 662 1353 Rssrs
694 1312 789 1372 supra
826 1290 937 1355 docuit.
974 1292 1034 1355 -Si
1066 1290 1136 1375 quis
1166 1296 1267 1351 tamen

124 1404 233 1473 sponte
252 1403 319 1465 aut,
334 1403 452 1454 coactus
482 1388 597 1454 foetida
620 1404 674 1455 aut
705 1392 815 1455 infecta
848 1395 915 1455 loca
946 1392 1119 1455 inhabitare
1147 1389 1269 1464 habeat,

124 1493 217 1573 euitet
235 1498 343 1577 saltem
367 1497 508 1583 ealoca,
536 1496 592 1557 ubi
619 1499 724 1578 plures
756 1496 914 1561 confluunt
940 1495 1062 1572 infecti,
1089 1489 1269 1576 praesertim

125 1595 152 1656 si
171 1609 300 1679 angusta
331 1609 361 1660 et
380 1597 555 1662 ineventata
585 1598 717 1676 fuerint,
745 1610 775 1663 et
795 1595 915 1663 studeat
935 1598 1051 1674 farere,
1080 1606 1113 1659 ut
1141 1596 1269 1658 Acutr-

126 1717 186 1789 son
207 1684 373 1784 in'quarto,
396 1701 430 1763 in
451 1701 585 1783 capitulo
606 1697 644 1765 de
665 1703 781 1765 cautela
800 1698 1027 1791 aegritudinum
1046 1696 1270 1762 transeuntium

128 1797 169 1893 de
182 1820 245 1860 runo
264 1804 299 1887 in
318 1804 414 1869 alium
436 1803 534 1881 iussit,
555 1803 667 1895 scilicet
688 1802 773 1889 quod
794 1802 896 1869 sedeat
916 1825 1012 1887 supra
1031 1792 1157 1869 ventum
1174 1797 1270 1879 aegri,

129 1897 177 1984 (id
198 1913 260 1981 est,
280 1923 299 1963 a
318 1904 425 1986 latere,
453 1903 510 1963 ubi
523 1916 640 1983 ¹uentus
661 1925 724 1967 uon
741 1907 854 1997 perflat
875 1907 914 1966 ab
935 1925 1027 1984 aegro
1048 1901 1088 1967 ad
1108 1923 1196 1981 eum,
1216 1897 1270 1964 sed

128 2001 196 2064 vice
216 2001 318 2087 semu)
347 2017 377 2066 et
397 2005 536 2080 maxime,
550 2017 638 2083 tuuc,
668 2005 794 2089 quando
815 2006 955 2071 accidunt
983 2009 1080 2070 eloola
1108 2008 1141 2068 in
1165 2003 1271 2066 oribus

128 2123 237 2166 eorum
273 2117 302 2167 et
322 2106 474 2186 incipiunt
493 2107 608 2169 foetere
627 2107 795 2186 anhelitus,
819 2098 967 2192 quonism
987 2110 1114 2170 morbus
1135 2119 1180 2169 est
1199 2122 1271 2166 con·

128 2208 280 2288 tagiosus,
300 2222 336 2272 ut
355 2231 449 2292 supra
467 2211 579 2298 patuit.

207 2343 324 2420 Qttarta
338 2349 453 2428 regula,
473 2347 558 2432 quod
569 2357 623 2411 air
635 2348 833 2411 habitationis
844 2349 877 2409 in
889 2347 1134 2428 praesentatione
1144 2345 1184 2408 sit
1194 2357 1273 2407 tem·

130 2461 253 2531 perotus
274 2450 352 2513 inter
373 2449 504 2514 calidum
526 2465 556 2516 et
575 2449 723 2532 frigidum
745 2464 798 2515 aut
822 2451 948 2515 remisse
965 2448 1096 2533 frigidus
1119 2461 1150 2513 et
1168 2448 1274 2511 humi·

131 2549 199 2615 dus.
247 2550 282 2614 si
308 2573 382 2615 vero
405 2553 438 2615 in
458 2553 564 2637 eliqua
584 2538 767 2639 qualitatum
788 2553 965 2623 notabiliter
983 2550 1125 2630 excedat,
1145 2547 1275 2625 dueatur

131 2651 171 2717 ad
190 2666 463 2735 temperamentum
483 2675 551 2718 cum
573 2674 629 2717 suo
651 2655 821 2732 contrario,
851 2655 984 2717 oblato'
974 2676 1008 2716 tn
1027 2675 1086 2747 usu
1106 2650 1273 2715 moderato.

131 2757 223 2820 Fiant
244 2775 316 2835 ergo
337 2755 482 2837 iumigia,
502 2753 708 2831 odoramenta
722 2767 752 2818 et
772 2756 979 2834 irrorationes,
1002 2768 1095 2838 prout
1115 2754 1274 2818 necessitas

131 2871 229 2924 uocat.
277 2859 327 2920 De
348 2858 500 2940 quibus
489 2879 527 2946 m
543 2870 689 2936 tractatu,
720 2878 865 2945 quem
837 2856 875 2921 de
896 2857 1069 2941 pestilentia
1089 2854 1191 2935 edidi,
1223 2875 1273 2919 co·

132 2960 251 3043 piosius
270 2959 395 3041 scripsi:
406 3012 410 3021 .
423 2961 498 3025 illuc
518 2983 590 3043 ergo
610 2963 755 3033 remitto„

207 3099 253 3161 ln
274 3101 360 3160 ntotu
379 3097 446 3160 sive
471 3100 616 3163 exercitio
636 3113 667 3164 et
694 3097 798 3182 quiete
824 3098 885 3161 sihi
912 3100 1052 3180 opposita
1072 3096 1158 3174 dico,
1189 3093 1274 3177 quod

132 3197 299 3265 mumdum
322 3216 367 3264 est
388 3204 427 3263 ab
448 3201 627 3264 omnimodo
647 3202 713 3264 otio
733 3214 765 3262 et
785 3202 888 3282 quiete
911 3201 1081 3281 corporali,
1100 3199 1175 3280 quis
1192 3199 1274 3259 mul·

132 3299 250 3378 tiplieat
275 3305 500 3385 superfluitates
531 3305 668 3384 corporis
694 3301 785 3364 etad
804 3303 954 3365 malitiam
974 3315 1005 3367 et
1021 3300 1276 3385 putrefactionem

133 3427 185 3475 aas
206 3404 350 3487 disponit.¹
402 3407 475 3468 Non
494 3419 657 3488 propterea
684 3400 778 3467 laudo
799 3416 901 3466 motus
921 3406 1015 3469 fortes
1041 3416 1095 3467 sut
1114 3402 1275 3467 diuturnos

134 3506 244 3582 nimis,
273 3506 419 3588 quoniam
441 3507 557 3571 ducunt
583 3505 624 3568 ad
643 3507 784 3571 humoris
812 3504 1003 3570 adustionem
1030 3519 1124 3589 atqua
1144 3509 1275 3570 exsicca·

133 3608 249 3670 tionem
277 3621 308 3671 et
327 3609 448 3673 virtutis
468 3611 705 3683 resolutionem,
736 3607 790 3672 sed
810 3607 904 3673 laudo
926 3610 1105 3673 exercitium
1124 3623 1275 3690 tempera·

134 3722 201 3772 tum
222 3711 389 3790 paullasire
409 3713 534 3790 iactum,
553 3713 669 3774 nullius
687 3712 768 3775 vires
790 3710 1033 3794 supergrediens,
1054 3711 1276 3792 imoouiusque

122 3813 253 3875 uiribus
274 3829 567 3893 commensuratum,
597 3816 710 3878 iactum
739 3818 897 3878 stomacho
924 3835 1021 3878 vacuo
1035 3835 1068 3875 a
1089 3813 1158 3874 cibo
1185 3825 1216 3872 st
1242 3813 1276 3872 in

136 3919 207 3974 aere
226 3924 404 3996 temperato.
454 3916 489 3980 ld
504 3919 593 3980 enim
613 3919 725 3981 excitat
746 3914 878 3978 calidum
898 3919 1054 3992 naturale,
1074 3915 1200 3992 'rigarat
1228 3909 1276 3972 di·

136 4016 303 4094 gestionem
331 4031 361 4081 et
397 4018 533 4082 excludit
557 4019 730 4100 superflua,
766 4017 844 4079 sicut
872 4039 889 4080 a
916 4032 1021 4081 ronna
1039 4027 1110 4096 post
1129 4017 1278 4078 stomachi

136 4117 336 4194 repletionem
367 4121 480 4184 fartum
508 4119 710 4201 digestionem
730 4120 897 4200 corrumpit
931 4132 962 4179 at
989 4115 1029 4179 ad
1055 4117 1161 4198 plures
1188 4140 1277 4199 prae·

139 4229 229 4297 parat
258 4221 398 4299 morbos,
435 4234 470 4285 ut
507 4217 592 4303 apud
612 4222 733 4300 nassa,
765 4222 847 4287 Ram
874 4219 1008 4283 morsm
1037 4231 1067 4284 et
1088 4219 1165 4286 alios
1185 4220 1278 4282 habet

139 4317 248 4384 uideri.
