<?xml version="1.0" encoding="UTF-8"?>
<!DOCTYPE html PUBLIC "-//W3C//DTD XHTML 1.0 Transitional//EN"
    "http://www.w3.org/TR/xhtml1/DTD/xhtml1-transitional.dtd">
<html xmlns="http://www.w3.org/1999/xhtml" xml:lang="en" lang="en">
 <head>
  <title>
</title>
<meta http-equiv="Content-Type" content="text/html;charset=utf-8" />
  <meta name='ocr-system' content='tesseract 3.04.00' />
  <meta name='ocr-capabilities' content='ocr_page ocr_carea ocr_par ocr_line ocrx_word'/>
</head>
<body>
  <div class='ocr_page' id='page_1' title='image "./dieltestenschri00fuchgoog_0390.png"; bbox 0 0 2806 4800; ppageno 0'>
   <div class='ocr_carea' id='block_1_1' title="bbox 643 271 716 340">
    <p class='ocr_par' dir='ltr' id='par_1_1' title="bbox 643 271 716 340">
     <span class='ocr_line' id='line_1_1' title="bbox 643 271 716 340; baseline 0.014 -1"><span class='ocrx_word' id='word_1_1' title='bbox 643 271 716 340; x_wconf 80' lang='lat'><strong>355</strong></span> 
     </span>
    </p>
   </div>
   <div class='ocr_carea' id='block_1_2' title="bbox 124 453 1265 745">
    <p class='ocr_par' dir='ltr' id='par_1_2' title="bbox 124 453 1265 745">
     <span class='ocr_line' id='line_1_2' title="bbox 208 453 1264 539; baseline -0.003 -17"><span class='ocrx_word' id='word_1_2' title='bbox 208 464 306 522; x_wconf 53' lang='lat' dir='ltr'><strong>Palm*</strong></span> <span class='ocrx_word' id='word_1_3' title='bbox 327 458 424 539; x_wconf 87' lang='lat' dir='ltr'><strong>Atqui</strong></span> <span class='ocrx_word' id='word_1_4' title='bbox 445 458 556 518; x_wconf 80' lang='lat' dir='ltr'><strong>mirum</strong></span> <span class='ocrx_word' id='word_1_5' title='bbox 580 471 634 530; x_wconf 88' lang='grc' dir='ltr'>εει,</span> <span class='ocrx_word' id='word_1_6' title='bbox 656 479 674 517; x_wconf 85' lang='grc' dir='ltr'><strong>ιι</strong></span> <span class='ocrx_word' id='word_1_7' title='bbox 693 453 888 536; x_wconf 78' lang='lat' dir='ltr'><strong>Principibus</strong></span> <span class='ocrx_word' id='word_1_8' title='bbox 907 488 949 500; x_wconf 91' lang='lat'>-</span> <span class='ocrx_word' id='word_1_9' title='bbox 973 455 1041 514; x_wconf 89' lang='lat' dir='ltr'><strong>heic</strong></span> <span class='ocrx_word' id='word_1_10' title='bbox 1067 458 1187 517; x_wconf 87' lang='lat' dir='ltr'><strong>nullom</strong></span> <span class='ocrx_word' id='word_1_11' title='bbox 1209 466 1264 519; x_wconf 87' lang='lat' dir='ltr'><strong>ex&#39;·</strong></span> 
     </span>
     <span class='ocr_line' id='line_1_3' title="bbox 124 555 1265 640; baseline -0.004 -16"><span class='ocrx_word' id='word_1_12' title='bbox 124 560 248 640; x_wconf 83' lang='lat' dir='ltr'><strong>cogitari</strong></span> <span class='ocrx_word' id='word_1_13' title='bbox 268 555 447 620; x_wconf 88' lang='lat' dir='ltr'><strong>remedium.</strong></span> <span class='ocrx_word' id='word_1_14' title='bbox 492 562 591 622; x_wconf 89' lang='lat' dir='ltr'><strong>Tanta</strong></span> <span class='ocrx_word' id='word_1_15' title='bbox 616 561 709 640; x_wconf 83' lang='lat' dir='ltr'><strong>pestis</strong></span> <span class='ocrx_word' id='word_1_16' title='bbox 737 562 849 621; x_wconf 89' lang='lat' dir='ltr'><strong>bonam</strong></span> <span class='ocrx_word' id='word_1_17' title='bbox 876 556 960 619; x_wconf 81' lang='lat' dir='ltr'><strong>orbis</strong></span> <span class='ocrx_word' id='word_1_18' title='bbox 989 567 1106 636; x_wconf 87' lang='lat' dir='ltr'><strong>partem</strong></span> <span class='ocrx_word' id='word_1_19' title='bbox 1137 559 1265 638; x_wconf 58' lang='lat' dir='ltr'><strong>occupass</strong></span> 
     </span>
     <span class='ocr_line' id='line_1_4' title="bbox 125 652 1163 745; baseline -0.005 -20"><span class='ocrx_word' id='word_1_20' title='bbox 125 665 180 739; x_wconf 85' lang='lat' dir='ltr'><strong>vit,</strong></span> <span class='ocrx_word' id='word_1_21' title='bbox 201 676 232 725; x_wconf 89' lang='lat' dir='ltr'><strong>ct</strong></span> <span class='ocrx_word' id='word_1_22' title='bbox 251 652 299 722; x_wconf 89' lang='lat' dir='ltr'><strong>illi</strong></span> <span class='ocrx_word' id='word_1_23' title='bbox 319 661 439 722; x_wconf 87' lang='lat' dir='ltr'><strong>interim</strong></span> <span class='ocrx_word' id='word_1_24' title='bbox 462 675 621 738; x_wconf 87' lang='lat' dir='ltr'><strong>steterunt,</strong></span> <span class='ocrx_word' id='word_1_25' title='bbox 644 663 732 745; x_wconf 86' lang='lat' dir='ltr'><strong>quasi</strong></span> <span class='ocrx_word' id='word_1_26' title='bbox 755 663 833 723; x_wconf 88' lang='lat' dir='ltr'><strong>nihil</strong></span> <span class='ocrx_word' id='word_1_27' title='bbox 856 659 893 722; x_wconf 88' lang='lat' dir='ltr'><strong>ad</strong></span> <span class='ocrx_word' id='word_1_28' title='bbox 915 679 980 720; x_wconf 84' lang='lat' dir='ltr'><strong>rem</strong></span> <span class='ocrx_word' id='word_1_29' title='bbox 1003 659 1163 738; x_wconf 86' lang='lat' dir='ltr'><strong>pertineat.</strong></span> 
     </span>
    </p>
   </div>
   <div class='ocr_carea' id='block_1_3' title="bbox 123 777 1266 961">
    <p class='ocr_par' dir='ltr' id='par_1_3' title="bbox 123 777 1266 961">
     <span class='ocr_line' id='line_1_5' title="bbox 210 777 1266 862; baseline -0.007 -17"><span class='ocrx_word' id='word_1_30' title='bbox 210 784 301 846; x_wconf 73' lang='lat' dir='ltr'><strong>Galo.</strong></span> <span class='ocrx_word' id='word_1_31' title='bbox 344 782 392 842; x_wconf 91' lang='lat' dir='ltr'><strong>De</strong></span> <span class='ocrx_word' id='word_1_32' title='bbox 412 782 614 862; x_wconf 78' lang='lat' dir='ltr'><strong>Principibus,</strong></span> <span class='ocrx_word' id='word_1_33' title='bbox 635 780 816 856; x_wconf 86' lang='lat' dir='ltr'><strong>Petroni,</strong></span> <span class='ocrx_word' id='word_1_34' title='bbox 838 779 979 858; x_wconf 79' lang='lat' dir='ltr'><strong>religiose</strong></span> <span class='ocrx_word' id='word_1_35' title='bbox 1001 777 1190 861; x_wconf 88' lang='lat' dir='ltr'><strong>loquendum</strong></span> <span class='ocrx_word' id='word_1_36' title='bbox 1213 792 1266 840; x_wconf 89' lang='lat' dir='ltr'><strong>est.</strong></span> 
     </span>
     <span class='ocr_line' id='line_1_6' title="bbox 123 883 903 961; baseline -0.006 -14"><span class='ocrx_word' id='word_1_37' title='bbox 123 883 183 948; x_wconf 86' lang='lat' dir='ltr'><strong>Sed</strong></span> <span class='ocrx_word' id='word_1_38' title='bbox 206 883 335 946; x_wconf 79' lang='lat' dir='ltr'><strong>admove</strong></span> <span class='ocrx_word' id='word_1_39' title='bbox 356 904 480 961; x_wconf 88' lang='lat' dir='ltr'><strong>aurem;</strong></span> <span class='ocrx_word' id='word_1_40' title='bbox 501 885 700 946; x_wconf 87' lang='lat' dir='ltr'><strong>insusurrabo</strong></span> <span class='ocrx_word' id='word_1_41' title='bbox 722 885 780 946; x_wconf 88' lang='lat' dir='ltr'><strong>tria</strong></span> <span class='ocrx_word' id='word_1_42' title='bbox 801 883 903 946; x_wconf 83' lang='lat' dir='ltr'><strong>verba.</strong></span> 
     </span>
    </p>
   </div>
   <div class='ocr_carea' id='block_1_4' title="bbox 123 983 1341 2398">
    <p class='ocr_par' dir='ltr' id='par_1_4' title="bbox 170 983 1268 1190">
     <span class='ocr_line' id='line_1_7' title="bbox 210 983 1060 1084; baseline -0.001 -18"><span class='ocrx_word' id='word_1_43' title='bbox 210 1007 290 1066; x_wconf 78' lang='lat' dir='ltr'><strong>Patr.</strong></span> <span class='ocrx_word' id='word_1_44' title='bbox 322 1000 360 1075; x_wconf 65' lang='grc' dir='ltr'><strong>,Ο</strong></span> <span class='ocrx_word' id='word_1_45' title='bbox 382 983 546 1082; x_wconf 84' lang='lat' dir='ltr'><strong>miseriam,</strong></span> <span class='ocrx_word' id='word_1_46' title='bbox 568 1006 683 1068; x_wconf 87' lang='lat' dir='ltr'><strong>utinam</strong></span> <span class='ocrx_word' id='word_1_47' title='bbox 705 1006 781 1066; x_wconf 87' lang='lat' dir='ltr'><strong>lalsa</strong></span> <span class='ocrx_word' id='word_1_48' title='bbox 803 1001 1008 1084; x_wconf 79' lang='lat' dir='ltr'><strong>praedicares!</strong></span> <span class='ocrx_word' id='word_1_49' title='bbox 1022 1042 1060 1053; x_wconf 90' lang='lat'>-</span> 
     </span>
     <span class='ocr_line' id='line_1_8' title="bbox 170 1104 1268 1190; baseline -0.001 -22"><span class='ocrx_word' id='word_1_50' title='bbox 170 1112 172 1120; x_wconf 81' lang='grc'><em>’</em></span> <span class='ocrx_word' id='word_1_51' title='bbox 212 1108 303 1168; x_wconf 84' lang='lat' dir='ltr'><strong>Gabr.</strong></span> <span class='ocrx_word' id='word_1_52' title='bbox 345 1106 498 1183; x_wconf 87' lang='lat' dir='ltr'><strong>Ceterum,</strong></span> <span class='ocrx_word' id='word_1_53' title='bbox 527 1108 553 1168; x_wconf 85' lang='lat' dir='ltr'><strong>si</strong></span> <span class='ocrx_word' id='word_1_54' title='bbox 575 1128 636 1190; x_wconf 85' lang='lat' dir='ltr'><strong>qua</strong></span> <span class='ocrx_word' id='word_1_55' title='bbox 658 1107 810 1187; x_wconf 76' lang='lat' dir='ltr'><strong>nupsisset</strong></span> <span class='ocrx_word' id='word_1_56' title='bbox 832 1106 904 1166; x_wconf 90' lang='lat' dir='ltr'><strong>huic</strong></span> <span class='ocrx_word' id='word_1_57' title='bbox 925 1104 1060 1166; x_wconf 86' lang='lat' dir='ltr'><strong>obnoxio</strong></span> <span class='ocrx_word' id='word_1_58' title='bbox 1082 1107 1137 1181; x_wconf 86' lang='lat' dir='ltr'><strong>lui,</strong></span> <span class='ocrx_word' id='word_1_59' title='bbox 1159 1107 1214 1187; x_wconf 89' lang='lat' dir='ltr'><strong>qui</strong></span> <span class='ocrx_word' id='word_1_60' title='bbox 1236 1127 1268 1167; x_wconf 83' lang='lat' dir='ltr'><strong>aa</strong></span> 
     </span>
    </p>

    <p class='ocr_par' dir='ltr' id='par_1_5' title="bbox 125 1204 1251 1285">
     <span class='ocr_line' id='line_1_9' title="bbox 125 1204 1251 1285; baseline -0.004 -15"><span class='ocrx_word' id='word_1_61' title='bbox 125 1221 233 1270; x_wconf 90' lang='lat' dir='ltr'><strong>sanum</strong></span> <span class='ocrx_word' id='word_1_62' title='bbox 255 1209 403 1272; x_wconf 83' lang='lat' dir='ltr'><strong>mentitus</strong></span> <span class='ocrx_word' id='word_1_63' title='bbox 427 1221 513 1285; x_wconf 83' lang='lat' dir='ltr'><strong>esset,</strong></span> <span class='ocrx_word' id='word_1_64' title='bbox 538 1244 578 1255; x_wconf 94' lang='lat'>-</span> <span class='ocrx_word' id='word_1_65' title='bbox 602 1208 776 1272; x_wconf 84' lang='lat' dir='ltr'><strong>dirimerem</strong></span> <span class='ocrx_word' id='word_1_66' title='bbox 795 1209 854 1270; x_wconf 89' lang='lat' dir='ltr'><strong>hoc</strong></span> <span class='ocrx_word' id='word_1_67' title='bbox 876 1207 1059 1285; x_wconf 81' lang='lat' dir='ltr'><strong>coniugium.</strong></span> <span class='ocrx_word' id='word_1_68' title='bbox 1248 1204 1251 1209; x_wconf 72' lang='grc'><em>’</em></span> 
     </span>
    </p>

    <p class='ocr_par' dir='ltr' id='par_1_6' title="bbox 212 1308 606 1387">
     <span class='ocr_line' id='line_1_10' title="bbox 212 1308 606 1387; baseline -0.003 -14"><span class='ocrx_word' id='word_1_69' title='bbox 212 1315 290 1375; x_wconf 81' lang='lat' dir='ltr'><strong>Pelr.</strong></span> <span class='ocrx_word' id='word_1_70' title='bbox 329 1310 399 1387; x_wconf 91' lang='lat' dir='ltr'><strong>Quo</strong></span> <span class='ocrx_word' id='word_1_71' title='bbox 422 1308 542 1372; x_wconf 83' lang='lat' dir='ltr'><strong>colore?</strong></span> <span class='ocrx_word' id='word_1_72' title='bbox 564 1347 606 1358; x_wconf 92' lang='lat'><em>-</em></span> 
     </span>
    </p>

    <p class='ocr_par' dir='ltr' id='par_1_7' title="bbox 125 1407 1327 1901">
     <span class='ocr_line' id='line_1_11' title="bbox 212 1407 1269 1493; baseline -0.003 -17"><span class='ocrx_word' id='word_1_73' title='bbox 212 1418 302 1478; x_wconf 73' lang='grc' dir='ltr'>θεὸν.</span> <span class='ocrx_word' id='word_1_74' title='bbox 346 1414 416 1477; x_wconf 84' lang='grc' dir='ltr'>Νοιι</span> <span class='ocrx_word' id='word_1_75' title='bbox 439 1416 519 1476; x_wconf 85' lang='lat' dir='ltr'><strong>valet</strong></span> <span class='ocrx_word' id='word_1_76' title='bbox 547 1426 735 1488; x_wconf 88' lang='lat' dir='ltr'><strong>contractus,</strong></span> <span class='ocrx_word' id='word_1_77' title='bbox 777 1412 804 1472; x_wconf 85' lang='lat' dir='ltr'><strong>ri</strong></span> <span class='ocrx_word' id='word_1_78' title='bbox 826 1413 928 1493; x_wconf 87' lang='lat' dir='ltr'><strong>puella</strong></span> <span class='ocrx_word' id='word_1_79' title='bbox 959 1407 1082 1491; x_wconf 83' lang='lat' dir='ltr'><strong>decepto</strong></span> <span class='ocrx_word' id='word_1_80' title='bbox 1103 1430 1191 1473; x_wconf 85' lang='lat' dir='ltr'><strong>servo</strong></span> <span class='ocrx_word' id='word_1_81' title='bbox 1213 1419 1269 1473; x_wconf 84' lang='lat' dir='ltr'><strong>nir·</strong></span> 
     </span>
     <span class='ocr_line' id='line_1_12' title="bbox 125 1515 1268 1600; baseline -0.002 -24"><span class='ocrx_word' id='word_1_82' title='bbox 125 1518 195 1596; x_wconf 87' lang='lat' dir='ltr'><strong>psit,</strong></span> <span class='ocrx_word' id='word_1_83' title='bbox 216 1537 308 1600; x_wconf 86' lang='lat' dir='ltr'><strong>quern</strong></span> <span class='ocrx_word' id='word_1_84' title='bbox 331 1520 457 1597; x_wconf 88' lang='lat' dir='ltr'><strong>putabat</strong></span> <span class='ocrx_word' id='word_1_85' title='bbox 477 1517 621 1578; x_wconf 91' lang='lat' dir='ltr'><strong>liberum.</strong></span> <span class='ocrx_word' id='word_1_86' title='bbox 643 1517 711 1592; x_wconf 90' lang='lat' dir='ltr'><strong>Hic,</strong></span> <span class='ocrx_word' id='word_1_87' title='bbox 733 1515 783 1576; x_wconf 89' lang='lat' dir='ltr'><strong>cui</strong></span> <span class='ocrx_word' id='word_1_88' title='bbox 803 1516 918 1595; x_wconf 78' lang='lat' dir='ltr'><strong>nupsit,</strong></span> <span class='ocrx_word' id='word_1_89' title='bbox 941 1534 1046 1576; x_wconf 82' lang='lat' dir='ltr'><strong>servus</strong></span> <span class='ocrx_word' id='word_1_90' title='bbox 1069 1526 1114 1575; x_wconf 85' lang='grc' dir='ltr'><strong>εει</strong></span> <span class='ocrx_word' id='word_1_91' title='bbox 1135 1515 1268 1576; x_wconf 84' lang='lat' dir='ltr'><strong>miserri-</strong></span> 
     </span>
     <span class='ocr_line' id='line_1_13' title="bbox 126 1603 1270 1698; baseline -0.001 -21"><span class='ocrx_word' id='word_1_92' title='bbox 126 1603 193 1679; x_wconf 88' lang='lat' dir='ltr'><strong>mae</strong></span> <span class='ocrx_word' id='word_1_93' title='bbox 209 1616 360 1693; x_wconf 88' lang='lat' dir='ltr'><strong>dominae,</strong></span> <span class='ocrx_word' id='word_1_94' title='bbox 389 1620 547 1694; x_wconf 83' lang='lat' dir='ltr'><strong>Psorae3</strong></span> <span class='ocrx_word' id='word_1_95' title='bbox 592 1631 684 1697; x_wconf 87' lang='lat' dir='ltr'><strong>atque</strong></span> <span class='ocrx_word' id='word_1_96' title='bbox 701 1618 760 1676; x_wconf 91' lang='lat' dir='ltr'><strong>hoc</strong></span> <span class='ocrx_word' id='word_1_97' title='bbox 785 1616 936 1677; x_wconf 82' lang='lat' dir='ltr'><strong>infelicior</strong></span> <span class='ocrx_word' id='word_1_98' title='bbox 959 1628 1003 1676; x_wconf 87' lang='lat' dir='ltr'><strong>est</strong></span> <span class='ocrx_word' id='word_1_99' title='bbox 1023 1617 1166 1692; x_wconf 82' lang='lat' dir='ltr'><strong>seruitus,¹</strong></span> <span class='ocrx_word' id='word_1_100' title='bbox 1185 1616 1270 1698; x_wconf 89' lang='lat' dir='ltr'><strong>quod</strong></span> 
     </span>
     <span class='ocr_line' id='line_1_14' title="bbox 126 1709 1327 1798; baseline 0 -20"><span class='ocrx_word' id='word_1_101' title='bbox 126 1719 179 1779; x_wconf 85' lang='lat' dir='ltr'><strong>illa</strong></span> <span class='ocrx_word' id='word_1_102' title='bbox 201 1719 354 1780; x_wconf 88' lang='lat' dir='ltr'><strong>neminem</strong></span> <span class='ocrx_word' id='word_1_103' title='bbox 377 1719 586 1795; x_wconf 86' lang='lat' dir='ltr'><strong>manumittit,</strong></span> <span class='ocrx_word' id='word_1_104' title='bbox 621 1731 654 1779; x_wconf 90' lang='lat' dir='ltr'><strong>ut</strong></span> <span class='ocrx_word' id='word_1_105' title='bbox 675 1717 830 1781; x_wconf 84' lang='lat' dir='ltr'><strong>servitutis</strong></span> <span class='ocrx_word' id='word_1_106' title='bbox 849 1709 1002 1778; x_wconf 85' lang='lat' dir='ltr'><strong>miseriam</strong></span> <span class='ocrx_word' id='word_1_107' title='bbox 1024 1718 1127 1798; x_wconf 85' lang='lat' dir='ltr'><strong>aliqua</strong></span> <span class='ocrx_word' id='word_1_108' title='bbox 1146 1720 1270 1781; x_wconf 83' lang='lat' dir='ltr'><strong>liberta·</strong></span> <span class='ocrx_word' id='word_1_109' title='bbox 1324 1729 1327 1733; x_wconf 89' lang='grc'><strong><em>’</em></strong></span> 
     </span>
     <span class='ocr_line' id='line_1_15' title="bbox 128 1821 550 1901; baseline 0.002 -19"><span class='ocrx_word' id='word_1_110' title='bbox 128 1823 166 1882; x_wconf 83' lang='grc' dir='ltr'>ιίε</span> <span class='ocrx_word' id='word_1_111' title='bbox 187 1841 255 1901; x_wconf 86' lang='grc' dir='ltr'>ερεε</span> <span class='ocrx_word' id='word_1_112' title='bbox 276 1821 425 1883; x_wconf 87' lang='lat' dir='ltr'><strong>consolari</strong></span> <span class='ocrx_word' id='word_1_113' title='bbox 444 1822 550 1900; x_wconf 81' lang='lat' dir='ltr'><strong>poscit.</strong></span> 
     </span>
    </p>

    <p class='ocr_par' dir='ltr' id='par_1_8' title="bbox 214 1925 740 2015">
     <span class='ocr_line' id='line_1_16' title="bbox 214 1925 740 2015; baseline -0.008 -27"><span class='ocrx_word' id='word_1_114' title='bbox 214 1930 293 1988; x_wconf 81' lang='lat' dir='ltr'><strong>Petr.</strong></span> <span class='ocrx_word' id='word_1_115' title='bbox 335 1925 415 1987; x_wconf 83' lang='lat' dir='ltr'><strong>Saue</strong></span> <span class='ocrx_word' id='word_1_116' title='bbox 437 1926 568 1986; x_wconf 88' lang='lat' dir='ltr'><strong>colorem</strong></span> <span class='ocrx_word' id='word_1_117' title='bbox 589 1925 740 2015; x_wconf 78' lang='lat' dir='ltr'><strong>reperisti.</strong></span> 
     </span>
    </p>

    <p class='ocr_par' dir='ltr' id='par_1_9' title="bbox 123 2025 1341 2200">
     <span class='ocr_line' id='line_1_17' title="bbox 215 2025 1341 2106; baseline -0.005 -14"><span class='ocrx_word' id='word_1_118' title='bbox 215 2031 306 2092; x_wconf 83' lang='lat' dir='ltr'><strong>Galr.</strong></span> <span class='ocrx_word' id='word_1_119' title='bbox 351 2025 475 2089; x_wconf 85' lang='lat' dir='ltr'><strong>Adhaec</strong></span> <span class='ocrx_word' id='word_1_120' title='bbox 496 2048 558 2090; x_wconf 91' lang='lat' dir='ltr'><strong>non</strong></span> <span class='ocrx_word' id='word_1_121' title='bbox 580 2040 624 2090; x_wconf 87' lang='grc' dir='ltr'><strong>εει</strong></span> <span class='ocrx_word' id='word_1_122' title='bbox 648 2028 824 2106; x_wconf 86' lang='lat' dir='ltr'><strong>coniugium</strong></span> <span class='ocrx_word' id='word_1_123' title='bbox 832 2070 841 2102; x_wconf 88' lang='lat'><strong>,</strong></span> <span class='ocrx_word' id='word_1_124' title='bbox 875 2026 934 2086; x_wconf 86' lang='lat' dir='ltr'><strong>nisi</strong></span> <span class='ocrx_word' id='word_1_125' title='bbox 955 2028 1036 2088; x_wconf 85' lang='lat' dir='ltr'><strong>inter</strong></span> <span class='ocrx_word' id='word_1_126' title='bbox 1057 2028 1154 2090; x_wconf 79' lang='lat' dir='ltr'><strong>vivos.</strong></span> <span class='ocrx_word' id='word_1_127' title='bbox 1198 2027 1272 2087; x_wconf 85' lang='lat' dir='ltr'><strong>lleic</strong></span> <span class='ocrx_word' id='word_1_128' title='bbox 1339 2095 1341 2100; x_wconf 21' lang='lat'><strong><em>¹</em></strong></span> 
     </span>
     <span class='ocr_line' id='line_1_18' title="bbox 123 2130 411 2200; baseline -0.007 -8"><span class='ocrx_word' id='word_1_129' title='bbox 123 2142 250 2200; x_wconf 83' lang='lat' dir='ltr'><strong>¹mortuo</strong></span> <span class='ocrx_word' id='word_1_130' title='bbox 271 2130 411 2191; x_wconf 85' lang='lat' dir='ltr'><strong>nubitur.</strong></span> 
     </span>
    </p>

    <p class='ocr_par' dir='ltr' id='par_1_10' title="bbox 128 2229 1271 2398">
     <span class='ocr_line' id='line_1_19' title="bbox 213 2229 1271 2315; baseline -0.003 -19"><span class='ocrx_word' id='word_1_131' title='bbox 213 2237 292 2299; x_wconf 84' lang='lat' dir='ltr'><strong>Petr.</strong></span> <span class='ocrx_word' id='word_1_132' title='bbox 336 2235 485 2315; x_wconf 80' lang='lat' dir='ltr'><strong>Repertus</strong></span> <span class='ocrx_word' id='word_1_133' title='bbox 509 2247 552 2297; x_wconf 87' lang='lat' dir='ltr'><strong>est</strong></span> <span class='ocrx_word' id='word_1_134' title='bbox 574 2236 650 2296; x_wconf 82' lang='lat' dir='ltr'><strong>alter</strong></span> <span class='ocrx_word' id='word_1_135' title='bbox 671 2235 772 2296; x_wconf 85' lang='lat' dir='ltr'><strong>color:</strong></span> <span class='ocrx_word' id='word_1_136' title='bbox 794 2229 847 2294; x_wconf 88' lang='lat' dir='ltr'><strong>sed</strong></span> <span class='ocrx_word' id='word_1_137' title='bbox 869 2233 992 2310; x_wconf 74' lang='lat' dir='ltr'><strong>sineres,</strong></span> <span class='ocrx_word' id='word_1_138' title='bbox 1015 2232 1135 2313; x_wconf 88' lang='lat' dir='ltr'><strong>opinor,</strong></span> <span class='ocrx_word' id='word_1_139' title='bbox 1155 2233 1271 2293; x_wconf 87' lang='lat' dir='ltr'><strong>scabio-</strong></span> 
     </span>
     <span class='ocr_line' id='line_1_20' title="bbox 128 2337 550 2398; baseline 0.005 -3"><span class='ocrx_word' id='word_1_140' title='bbox 128 2355 175 2396; x_wconf 88' lang='lat' dir='ltr'><strong>aas</strong></span> <span class='ocrx_word' id='word_1_141' title='bbox 196 2337 338 2398; x_wconf 81' lang='lat' dir='ltr'><strong>scabiosis</strong></span> <span class='ocrx_word' id='word_1_142' title='bbox 360 2337 485 2397; x_wconf 87' lang='lat' dir='ltr'><strong>nubere.</strong></span> <span class='ocrx_word' id='word_1_143' title='bbox 508 2372 550 2383; x_wconf 88' lang='lat'><em>-</em></span> 
     </span>
    </p>
   </div>
   <div class='ocr_carea' id='block_1_5' title="bbox 128 2452 1272 2640">
    <p class='ocr_par' dir='ltr' id='par_1_11' title="bbox 128 2452 1272 2640">
     <span class='ocr_line' id='line_1_21' title="bbox 195 2452 1272 2537; baseline -0.004 -19"><span class='ocrx_word' id='word_1_144' title='bbox 195 2458 307 2519; x_wconf 85' lang='lat' dir='ltr'><strong>·Gobr.</strong></span> <span class='ocrx_word' id='word_1_145' title='bbox 349 2457 382 2520; x_wconf 84' lang='lat' dir='ltr'><strong>si</strong></span> <span class='ocrx_word' id='word_1_146' title='bbox 405 2459 463 2519; x_wconf 88' lang='lat' dir='ltr'><strong>hoc</strong></span> <span class='ocrx_word' id='word_1_147' title='bbox 485 2458 562 2518; x_wconf 82' lang='lat' dir='ltr'><strong>milri</strong></span> <span class='ocrx_word' id='word_1_148' title='bbox 582 2457 696 2532; x_wconf 86' lang='lat' dir='ltr'><strong>liceret,</strong></span> <span class='ocrx_word' id='word_1_149' title='bbox 718 2452 803 2537; x_wconf 90' lang='lat' dir='ltr'><strong>quod</strong></span> <span class='ocrx_word' id='word_1_150' title='bbox 816 2452 974 2534; x_wconf 84' lang='lat' dir='ltr'><strong>expediret</strong></span> <span class='ocrx_word' id='word_1_151' title='bbox 992 2453 1037 2514; x_wconf 90' lang='lat' dir='ltr'><strong>rei</strong></span> <span class='ocrx_word' id='word_1_152' title='bbox 1059 2453 1209 2532; x_wconf 86' lang='lat' dir='ltr'><strong>publicae,</strong></span> <span class='ocrx_word' id='word_1_153' title='bbox 1231 2456 1272 2515; x_wconf 86' lang='lat' dir='ltr'><strong>si·</strong></span> 
     </span>
     <span class='ocr_line' id='line_1_22' title="bbox 128 2551 1272 2640; baseline -0.003 -20"><span class='ocrx_word' id='word_1_154' title='bbox 128 2579 232 2621; x_wconf 88' lang='lat' dir='ltr'><strong>nerem</strong></span> <span class='ocrx_word' id='word_1_155' title='bbox 264 2556 390 2640; x_wconf 86' lang='lat' dir='ltr'><strong>quidem</strong></span> <span class='ocrx_word' id='word_1_156' title='bbox 413 2561 517 2640; x_wconf 84' lang='lat' dir='ltr'><strong>iungi,</strong></span> <span class='ocrx_word' id='word_1_157' title='bbox 539 2559 592 2623; x_wconf 84' lang='lat' dir='ltr'><strong>aed</strong></span> <span class='ocrx_word' id='word_1_158' title='bbox 613 2561 732 2622; x_wconf 82' lang='lat' dir='ltr'><strong>iunctos</strong></span> <span class='ocrx_word' id='word_1_159' title='bbox 759 2578 936 2622; x_wconf 73' lang='lat' dir='ltr'><strong>exurereun</strong></span> <span class='ocrx_word' id='word_1_160' title='bbox 955 2589 994 2601; x_wconf 95' lang='lat'>-</span> <span class='ocrx_word' id='word_1_161' title='bbox 1038 2551 1129 2629; x_wconf 84' lang='lat' dir='ltr'><strong>Quod</strong></span> <span class='ocrx_word' id='word_1_162' title='bbox 1155 2558 1272 2621; x_wconf 87' lang='lat' dir='ltr'><strong>utinam</strong></span> 
     </span>
    </p>
   </div>
   <div class='ocr_carea' id='block_1_6' title="bbox 128 2657 1370 2736">
    <p class='ocr_par' dir='ltr' id='par_1_12' title="bbox 128 2657 1370 2736">
     <span class='ocr_line' id='line_1_23' title="bbox 128 2657 1370 2736; baseline 0 -16"><span class='ocrx_word' id='word_1_163' title='bbox 128 2661 216 2723; x_wconf 88' lang='lat' dir='ltr'><strong>initio</strong></span> <span class='ocrx_word' id='word_1_164' title='bbox 239 2663 386 2724; x_wconf 84' lang='lat' dir='ltr'><strong>nascentis</strong></span> <span class='ocrx_word' id='word_1_165' title='bbox 409 2664 482 2722; x_wconf 85' lang='lat' dir='ltr'><strong>mali</strong></span> <span class='ocrx_word' id='word_1_166' title='bbox 501 2664 606 2724; x_wconf 84' lang='lat' dir='ltr'><strong>inisset</strong></span> <span class='ocrx_word' id='word_1_167' title='bbox 627 2657 757 2722; x_wconf 78' lang='lat' dir='ltr'><strong>facium!</strong></span> <span class='ocrx_word' id='word_1_168' title='bbox 783 2662 866 2720; x_wconf 90' lang='lat' dir='ltr'><strong>Tum</strong></span> <span class='ocrx_word' id='word_1_169' title='bbox 888 2659 969 2717; x_wconf 89' lang='lat' dir='ltr'><strong>enim</strong></span> <span class='ocrx_word' id='word_1_170' title='bbox 990 2677 1158 2736; x_wconf 84' lang='lat' dir='ltr'><strong>paucorum</strong></span> <span class='ocrx_word' id='word_1_171' title='bbox 1176 2660 1272 2720; x_wconf 83' lang='lat' dir='ltr'><strong>exilio</strong></span> <span class='ocrx_word' id='word_1_172' title='bbox 1367 2731 1370 2735; x_wconf 16' lang='lat' dir='ltr'><em>r</em></span> 
     </span>
    </p>
   </div>
   <div class='ocr_carea' id='block_1_7' title="bbox 129 2758 1272 3038">
    <p class='ocr_par' dir='ltr' id='par_1_13' title="bbox 129 2758 1272 3038">
     <span class='ocr_line' id='line_1_24' title="bbox 129 2758 1272 2838; baseline -0.002 -16"><span class='ocrx_word' id='word_1_173' title='bbox 129 2762 221 2822; x_wconf 83' lang='lat' dir='ltr'><strong>totius</strong></span> <span class='ocrx_word' id='word_1_174' title='bbox 244 2762 327 2821; x_wconf 88' lang='lat' dir='ltr'><strong>orbis</strong></span> <span class='ocrx_word' id='word_1_175' title='bbox 346 2762 437 2822; x_wconf 83' lang='lat' dir='ltr'><strong>saluti</strong></span> <span class='ocrx_word' id='word_1_176' title='bbox 458 2762 574 2821; x_wconf 86' lang='lat' dir='ltr'><strong>consuli</strong></span> <span class='ocrx_word' id='word_1_177' title='bbox 596 2775 726 2838; x_wconf 87' lang='lat' dir='ltr'><strong>poterat,</strong></span> <span class='ocrx_word' id='word_1_178' title='bbox 763 2772 792 2819; x_wconf 93' lang='grc' dir='ltr'><strong>ει</strong></span> <span class='ocrx_word' id='word_1_179' title='bbox 812 2759 905 2818; x_wconf 79' lang='lat' dir='ltr'><strong>liniue</strong></span> <span class='ocrx_word' id='word_1_180' title='bbox 937 2758 1007 2817; x_wconf 84' lang='lat' dir='ltr'><strong>lacti</strong></span> <span class='ocrx_word' id='word_1_181' title='bbox 1026 2758 1196 2836; x_wconf 83' lang='lat' dir='ltr'><strong>reperimus</strong></span> <span class='ocrx_word' id='word_1_182' title='bbox 1218 2781 1272 2820; x_wconf 88' lang='lat' dir='ltr'><strong>ex·</strong></span> 
     </span>
     <span class='ocr_line' id='line_1_25' title="bbox 131 2861 695 2938; baseline 0.007 -19"><span class='ocrx_word' id='word_1_183' title='bbox 131 2864 265 2938; x_wconf 89' lang='lat' dir='ltr'><strong>emplum</strong></span> <span class='ocrx_word' id='word_1_184' title='bbox 287 2863 320 2921; x_wconf 92' lang='lat' dir='ltr'><strong>in</strong></span> <span class='ocrx_word' id='word_1_185' title='bbox 343 2861 502 2922; x_wconf 86' lang='lat' dir='ltr'><strong>Gallorum</strong></span> <span class='ocrx_word' id='word_1_186' title='bbox 522 2861 695 2923; x_wconf 83' lang='lat' dir='ltr'><strong>annalibus.</strong></span> 
     </span>
     <span class='ocr_line' id='line_1_26' title="bbox 217 2963 1165 3038; baseline -0.002 -14"><span class='ocrx_word' id='word_1_187' title='bbox 217 2963 296 3025; x_wconf 82' lang='lat' dir='ltr'><strong>Petr.</strong></span> <span class='ocrx_word' id='word_1_188' title='bbox 337 2964 377 3025; x_wconf 89' lang='lat' dir='ltr'><strong>llt</strong></span> <span class='ocrx_word' id='word_1_189' title='bbox 399 2963 502 3026; x_wconf 84' lang='lat' dir='ltr'><strong>mitius</strong></span> <span class='ocrx_word' id='word_1_190' title='bbox 524 2978 588 3026; x_wconf 90' lang='lat' dir='ltr'><strong>erat</strong></span> <span class='ocrx_word' id='word_1_191' title='bbox 609 2965 678 3026; x_wconf 91' lang='lat' dir='ltr'><strong>illos</strong></span> <span class='ocrx_word' id='word_1_192' title='bbox 700 2963 832 3038; x_wconf 82' lang='lat' dir='ltr'><strong>castrari,</strong></span> <span class='ocrx_word' id='word_1_193' title='bbox 853 2984 886 3023; x_wconf 89' lang='lat' dir='ltr'><strong>ac</strong></span> <span class='ocrx_word' id='word_1_194' title='bbox 908 2963 1103 3026; x_wconf 81' lang='lat' dir='ltr'><strong>summoveri.</strong></span> <span class='ocrx_word' id='word_1_195' title='bbox 1125 2999 1165 3009; x_wconf 92' lang='lat'><em>-</em></span> 
     </span>
    </p>
   </div>
   <div class='ocr_carea' id='block_1_8' title="bbox 218 3080 1274 3160">
    <p class='ocr_par' dir='ltr' id='par_1_14' title="bbox 218 3080 1274 3160">
     <span class='ocr_line' id='line_1_27' title="bbox 218 3080 1274 3160; baseline 0.001 -14"><span class='ocrx_word' id='word_1_196' title='bbox 218 3086 309 3146; x_wconf 82' lang='lat' dir='ltr'><strong>Godr.</strong></span> <span class='ocrx_word' id='word_1_197' title='bbox 351 3084 484 3147; x_wconf 85' lang='lat' dir='ltr'><strong>Fatebor</strong></span> <span class='ocrx_word' id='word_1_198' title='bbox 505 3087 563 3146; x_wconf 90' lang='lat' dir='ltr'><strong>hoc</strong></span> <span class='ocrx_word' id='word_1_199' title='bbox 584 3106 648 3147; x_wconf 87' lang='grc' dir='ltr'>εεεε</span> <span class='ocrx_word' id='word_1_200' title='bbox 664 3084 779 3160; x_wconf 84' lang='lat' dir='ltr'><strong>mitius,</strong></span> <span class='ocrx_word' id='word_1_201' title='bbox 802 3083 828 3144; x_wconf 90' lang='lat' dir='ltr'><strong>si</strong></span> <span class='ocrx_word' id='word_1_202' title='bbox 848 3095 882 3145; x_wconf 87' lang='lat' dir='ltr'><strong>tu</strong></span> <span class='ocrx_word' id='word_1_203' title='bbox 904 3082 1025 3143; x_wconf 82' lang='lat' dir='ltr'><strong>fatearis</strong></span> <span class='ocrx_word' id='word_1_204' title='bbox 1045 3080 1124 3143; x_wconf 92' lang='lat' dir='ltr'><strong>illud</strong></span> <span class='ocrx_word' id='word_1_205' title='bbox 1140 3104 1203 3146; x_wconf 85' lang='lat' dir='ltr'><strong>ease</strong></span> <span class='ocrx_word' id='word_1_206' title='bbox 1224 3098 1274 3146; x_wconf 89' lang='lat' dir='ltr'><strong>tu-</strong></span> 
     </span>
    </p>
   </div>
   <div class='ocr_carea' id='block_1_9' title="bbox 131 3199 1276 4106">
    <p class='ocr_par' dir='ltr' id='par_1_15' title="bbox 131 3199 1276 4106">
     <span class='ocr_line' id='line_1_28' title="bbox 131 3199 1274 3282; baseline 0 -19"><span class='ocrx_word' id='word_1_207' title='bbox 131 3203 201 3264; x_wconf 86' lang='lat' dir='ltr'><strong>tius.</strong></span> <span class='ocrx_word' id='word_1_208' title='bbox 241 3202 321 3263; x_wconf 86' lang='lat' dir='ltr'><strong>Nam</strong></span> <span class='ocrx_word' id='word_1_209' title='bbox 345 3204 488 3281; x_wconf 89' lang='lat' dir='ltr'><strong>pruriunt</strong></span> <span class='ocrx_word' id='word_1_210' title='bbox 509 3217 538 3273; x_wconf 81' lang='lat' dir='ltr'><strong>et</strong></span> <span class='ocrx_word' id='word_1_211' title='bbox 560 3206 691 3282; x_wconf 82' lang='lat' dir='ltr'><strong>exsecli3</strong></span> <span class='ocrx_word' id='word_1_212' title='bbox 723 3224 778 3264; x_wconf 88' lang='lat' dir='ltr'><strong>neo</strong></span> <span class='ocrx_word' id='word_1_213' title='bbox 800 3223 862 3264; x_wconf 92' lang='lat' dir='ltr'><strong>uno</strong></span> <span class='ocrx_word' id='word_1_214' title='bbox 884 3199 976 3264; x_wconf 91' lang='lat' dir='ltr'><strong>modo</strong></span> <span class='ocrx_word' id='word_1_215' title='bbox 999 3203 1129 3265; x_wconf 83' lang='lat' dir='ltr'><strong>transilit</strong></span> <span class='ocrx_word' id='word_1_216' title='bbox 1151 3206 1274 3278; x_wconf 86' lang='lat' dir='ltr'><strong>malum,</strong></span> 
     </span>
     <span class='ocr_line' id='line_1_29' title="bbox 131 3303 1274 3390; baseline 0.003 -27"><span class='ocrx_word' id='word_1_217' title='bbox 131 3303 184 3363; x_wconf 84' lang='lat' dir='ltr'><strong>sed</strong></span> <span class='ocrx_word' id='word_1_218' title='bbox 207 3307 320 3380; x_wconf 84' lang='lat' dir='ltr'><strong>osculo,</strong></span> <span class='ocrx_word' id='word_1_219' title='bbox 341 3304 392 3366; x_wconf 88' lang='lat' dir='ltr'><strong>sed</strong></span> <span class='ocrx_word' id='word_1_220' title='bbox 415 3308 578 3390; x_wconf 83' lang='lat' dir='ltr'><strong>colloquio,</strong></span> <span class='ocrx_word' id='word_1_221' title='bbox 601 3304 655 3369; x_wconf 88' lang='lat' dir='ltr'><strong>sed</strong></span> <span class='ocrx_word' id='word_1_222' title='bbox 677 3317 825 3382; x_wconf 86' lang='lat' dir='ltr'><strong>contactu,</strong></span> <span class='ocrx_word' id='word_1_223' title='bbox 844 3303 897 3368; x_wconf 87' lang='lat' dir='ltr'><strong>sed</strong></span> <span class='ocrx_word' id='word_1_224' title='bbox 919 3305 1196 3384; x_wconf 86' lang='lat' dir='ltr'><strong>compotatinncula</strong></span> <span class='ocrx_word' id='word_1_225' title='bbox 1211 3326 1274 3366; x_wconf 87' lang='lat' dir='ltr'><strong>ser·</strong></span> 
     </span>
     <span class='ocr_line' id='line_1_30' title="bbox 131 3397 1274 3490; baseline 0.003 -26"><span class='ocrx_word' id='word_1_226' title='bbox 131 3405 178 3483; x_wconf 88' lang='lat' dir='ltr'><strong>pit</strong></span> <span class='ocrx_word' id='word_1_227' title='bbox 199 3402 237 3465; x_wconf 87' lang='lat' dir='ltr'><strong>ad</strong></span> <span class='ocrx_word' id='word_1_228' title='bbox 258 3407 344 3468; x_wconf 75' lang='lat' dir='ltr'><strong>alios.</strong></span> <span class='ocrx_word' id='word_1_229' title='bbox 388 3409 425 3471; x_wconf 89' lang='lat' dir='ltr'><strong>Et</strong></span> <span class='ocrx_word' id='word_1_230' title='bbox 448 3408 586 3472; x_wconf 84' lang='lat' dir='ltr'><strong>videmus</strong></span> <span class='ocrx_word' id='word_1_231' title='bbox 606 3411 679 3471; x_wconf 88' lang='lat' dir='ltr'><strong>huic</strong></span> <span class='ocrx_word' id='word_1_232' title='bbox 701 3409 782 3470; x_wconf 88' lang='lat' dir='ltr'><strong>malo</strong></span> <span class='ocrx_word' id='word_1_233' title='bbox 808 3409 929 3470; x_wconf 88' lang='lat' dir='ltr'><strong>fatalem</strong></span> <span class='ocrx_word' id='word_1_234' title='bbox 952 3397 1106 3490; x_wconf 84' lang='lat' dir='ltr'><strong>quandam</strong></span> <span class='ocrx_word' id='word_1_235' title='bbox 1128 3410 1274 3470; x_wconf 85' lang='lat' dir='ltr'><strong>malitiam</strong></span> 
     </span>
     <span class='ocr_line' id='line_1_31' title="bbox 131 3504 1276 3593; baseline 0.004 -27"><span class='ocrx_word' id='word_1_236' title='bbox 131 3504 314 3584; x_wconf 88' lang='lat' dir='ltr'><strong>adiunctam,</strong></span> <span class='ocrx_word' id='word_1_237' title='bbox 338 3521 383 3585; x_wconf 88' lang='lat' dir='ltr'><strong>ut,</strong></span> <span class='ocrx_word' id='word_1_238' title='bbox 406 3510 545 3593; x_wconf 82' lang='lat' dir='ltr'><strong>quisquis</strong></span> <span class='ocrx_word' id='word_1_239' title='bbox 559 3533 596 3574; x_wconf 88' lang='lat' dir='ltr'><strong>eo</strong></span> <span class='ocrx_word' id='word_1_240' title='bbox 619 3525 747 3589; x_wconf 86' lang='lat' dir='ltr'><strong>tenetur,</strong></span> <span class='ocrx_word' id='word_1_241' title='bbox 770 3514 817 3575; x_wconf 87' lang='lat' dir='ltr'><strong>vel</strong></span> <span class='ocrx_word' id='word_1_242' title='bbox 839 3513 925 3573; x_wconf 89' lang='lat' dir='ltr'><strong>nullo</strong></span> <span class='ocrx_word' id='word_1_243' title='bbox 947 3533 1003 3574; x_wconf 88' lang='lat' dir='ltr'><strong>suo</strong></span> <span class='ocrx_word' id='word_1_244' title='bbox 1026 3511 1186 3574; x_wconf 91' lang='lat' dir='ltr'><strong>commodo</strong></span> <span class='ocrx_word' id='word_1_245' title='bbox 1201 3533 1276 3592; x_wconf 85' lang='lat' dir='ltr'><strong>gan·</strong></span> 
     </span>
     <span class='ocr_line' id='line_1_32' title="bbox 133 3607 1276 3695; baseline 0.006 -25"><span class='ocrx_word' id='word_1_246' title='bbox 133 3607 202 3670; x_wconf 87' lang='lat' dir='ltr'><strong>deat</strong></span> <span class='ocrx_word' id='word_1_247' title='bbox 222 3631 315 3690; x_wconf 87' lang='lat' dir='ltr'><strong>quam</strong></span> <span class='ocrx_word' id='word_1_248' title='bbox 336 3613 477 3693; x_wconf 79' lang='lat' dir='ltr'><strong>plurimis</strong></span> <span class='ocrx_word' id='word_1_249' title='bbox 500 3634 586 3675; x_wconf 83' lang='lat' dir='ltr'><strong>sumn</strong></span> <span class='ocrx_word' id='word_1_250' title='bbox 609 3616 750 3677; x_wconf 82' lang='lat' dir='ltr'><strong>affricare</strong></span> <span class='ocrx_word' id='word_1_251' title='bbox 771 3616 912 3677; x_wconf 88' lang='lat' dir='ltr'><strong>scabiem.</strong></span> <span class='ocrx_word' id='word_1_252' title='bbox 964 3617 1027 3676; x_wconf 87' lang='lat' dir='ltr'><strong>lam</strong></span> <span class='ocrx_word' id='word_1_253' title='bbox 1049 3617 1183 3678; x_wconf 83' lang='lat' dir='ltr'><strong>submoti</strong></span> <span class='ocrx_word' id='word_1_254' title='bbox 1203 3636 1276 3695; x_wconf 85' lang='lat' dir='ltr'><strong>pos·</strong></span> 
     </span>
     <span class='ocr_line' id='line_1_33' title="bbox 131 3712 1275 3798; baseline 0.001 -23"><span class='ocrx_word' id='word_1_255' title='bbox 131 3712 338 3794; x_wconf 65' lang='lat' dir='ltr'><strong>santingne,</strong></span> <span class='ocrx_word' id='word_1_256' title='bbox 359 3727 487 3796; x_wconf 82' lang='lat' dir='ltr'><strong>possunt</strong></span> <span class='ocrx_word' id='word_1_257' title='bbox 512 3717 560 3779; x_wconf 79' lang='lat' dir='ltr'><strong>vel</strong></span> <span class='ocrx_word' id='word_1_258' title='bbox 579 3720 681 3793; x_wconf 78' lang='lat' dir='ltr'><strong>nediu,</strong></span> <span class='ocrx_word' id='word_1_259' title='bbox 702 3718 753 3780; x_wconf 83' lang='lat' dir='ltr'><strong>vel</strong></span> <span class='ocrx_word' id='word_1_260' title='bbox 774 3716 886 3797; x_wconf 84' lang='lat' dir='ltr'><strong>ignotis</strong></span> <span class='ocrx_word' id='word_1_261' title='bbox 907 3717 1082 3798; x_wconf 87' lang='lat' dir='ltr'><strong>imponere:</strong></span> <span class='ocrx_word' id='word_1_262' title='bbox 1105 3738 1123 3776; x_wconf 87' lang='lat' dir='ltr'><strong>a</strong></span> <span class='ocrx_word' id='word_1_263' title='bbox 1146 3718 1275 3777; x_wconf 86' lang='lat' dir='ltr'><strong>mortuis</strong></span> 
     </span>
     <span class='ocr_line' id='line_1_34' title="bbox 131 3817 1276 3898; baseline 0.001 -19"><span class='ocrx_word' id='word_1_264' title='bbox 131 3838 205 3879; x_wconf 83' lang='lat' dir='ltr'><strong>vero</strong></span> <span class='ocrx_word' id='word_1_265' title='bbox 227 3818 307 3878; x_wconf 86' lang='lat' dir='ltr'><strong>nihil</strong></span> <span class='ocrx_word' id='word_1_266' title='bbox 329 3831 372 3879; x_wconf 87' lang='grc' dir='ltr'><strong>εει</strong></span> <span class='ocrx_word' id='word_1_267' title='bbox 390 3819 527 3898; x_wconf 88' lang='lat' dir='ltr'><strong>periculi.</strong></span> <span class='ocrx_word' id='word_1_268' title='bbox 549 3855 591 3865; x_wconf 94' lang='lat'><strong>—</strong></span> <span class='ocrx_word' id='word_1_269' title='bbox 634 3818 695 3882; x_wconf 87' lang='lat' dir='ltr'><strong>Sed</strong></span> <span class='ocrx_word' id='word_1_270' title='bbox 717 3817 823 3880; x_wconf 88' lang='lat' dir='ltr'><strong>demus</strong></span> <span class='ocrx_word' id='word_1_271' title='bbox 844 3821 903 3881; x_wconf 88' lang='lat' dir='ltr'><strong>hoc</strong></span> <span class='ocrx_word' id='word_1_272' title='bbox 924 3822 1040 3880; x_wconf 90' lang='lat' dir='ltr'><strong>malum</strong></span> <span class='ocrx_word' id='word_1_273' title='bbox 1066 3819 1171 3880; x_wconf 85' lang='lat' dir='ltr'><strong>multis</strong></span> <span class='ocrx_word' id='word_1_274' title='bbox 1191 3820 1276 3880; x_wconf 83' lang='lat' dir='ltr'><strong>nulla</strong></span> 
     </span>
     <span class='ocr_line' id='line_1_35' title="bbox 132 3921 1275 4005; baseline 0.006 -30"><span class='ocrx_word' id='word_1_275' title='bbox 132 3937 187 3976; x_wconf 84' lang='grc' dir='ltr'>ειιιι</span> <span class='ocrx_word' id='word_1_276' title='bbox 209 3921 296 3999; x_wconf 87' lang='lat' dir='ltr'><strong>culpa</strong></span> <span class='ocrx_word' id='word_1_277' title='bbox 318 3934 513 3997; x_wconf 88' lang='lat' dir='ltr'><strong>contractum,</strong></span> <span class='ocrx_word' id='word_1_278' title='bbox 534 3942 630 4002; x_wconf 86' lang='lat' dir='ltr'><strong>quum</strong></span> <span class='ocrx_word' id='word_1_279' title='bbox 651 3935 753 3982; x_wconf 73' lang='lat' dir='ltr'><strong>tannen</strong></span> <span class='ocrx_word' id='word_1_280' title='bbox 774 3942 887 4002; x_wconf 87' lang='lat' dir='ltr'><strong>paucos</strong></span> <span class='ocrx_word' id='word_1_281' title='bbox 907 3924 1051 4003; x_wconf 87' lang='lat' dir='ltr'><strong>reperias,</strong></span> <span class='ocrx_word' id='word_1_282' title='bbox 1074 3922 1187 4005; x_wconf 90' lang='lat' dir='ltr'><strong>quibus</strong></span> <span class='ocrx_word' id='word_1_283' title='bbox 1208 3943 1275 3983; x_wconf 90' lang='lat' dir='ltr'><strong>eam</strong></span> 
     </span>
     <span class='ocr_line' id='line_1_36' title="bbox 131 4020 1178 4106; baseline 0.007 -28"><span class='ocrx_word' id='word_1_284' title='bbox 131 4021 221 4080; x_wconf 88' lang='lat' dir='ltr'><strong>luem.</strong></span> <span class='ocrx_word' id='word_1_285' title='bbox 237 4041 300 4082; x_wconf 90' lang='lat' dir='ltr'><strong>non</strong></span> <span class='ocrx_word' id='word_1_286' title='bbox 322 4026 488 4088; x_wconf 87' lang='lat' dir='ltr'><strong>conciliarit</strong></span> <span class='ocrx_word' id='word_1_287' title='bbox 508 4020 670 4106; x_wconf 82' lang='lat' dir='ltr'><strong>nequitia?</strong></span> <span class='ocrx_word' id='word_1_288' title='bbox 691 4057 735 4070; x_wconf 93' lang='lat'>-</span> <span class='ocrx_word' id='word_1_289' title='bbox 755 4059 798 4071; x_wconf 78' lang='lat'>-</span> <span class='ocrx_word' id='word_1_290' title='bbox 842 4029 920 4087; x_wconf 78' lang='lat' dir='ltr'><strong>Petr.</strong></span> <span class='ocrx_word' id='word_1_291' title='bbox 950 4026 1041 4088; x_wconf 83' lang='lat' dir='ltr'><strong>Veris</strong></span> <span class='ocrx_word' id='word_1_292' title='bbox 1062 4025 1178 4086; x_wconf 82' lang='lat' dir='ltr'><strong>vincor.</strong></span> 
     </span>
    </p>
   </div>
   <div class='ocr_carea' id='block_1_10' title="bbox 132 4143 1277 4451">
    <p class='ocr_par' dir='ltr' id='par_1_16' title="bbox 132 4143 1277 4451">
     <span class='ocr_line' id='line_1_37' title="bbox 220 4143 1276 4230; baseline 0.009 -31"><span class='ocrx_word' id='word_1_293' title='bbox 220 4143 311 4205; x_wconf 70' lang='grc' dir='ltr'>θεὸν.</span> <span class='ocrx_word' id='word_1_294' title='bbox 350 4147 430 4206; x_wconf 82' lang='grc' dir='ltr'>Τιιιιι</span> <span class='ocrx_word' id='word_1_295' title='bbox 450 4145 530 4207; x_wconf 91' lang='lat' dir='ltr'><strong>illud</strong></span> <span class='ocrx_word' id='word_1_296' title='bbox 551 4148 629 4208; x_wconf 81' lang='lat' dir='ltr'><strong>milri</strong></span> <span class='ocrx_word' id='word_1_297' title='bbox 649 4145 813 4228; x_wconf 89' lang='lat' dir='ltr'><strong>perpende.</strong></span> <span class='ocrx_word' id='word_1_298' title='bbox 849 4146 943 4228; x_wconf 86' lang='lat' dir='ltr'><strong>Apud</strong></span> <span class='ocrx_word' id='word_1_299' title='bbox 961 4150 1062 4226; x_wconf 87' lang='lat' dir='ltr'><strong>ltalos,</strong></span> <span class='ocrx_word' id='word_1_300' title='bbox 1085 4161 1120 4210; x_wconf 88' lang='grc' dir='ltr'><strong>ιιι</strong></span> <span class='ocrx_word' id='word_1_301' title='bbox 1141 4149 1276 4230; x_wconf 90' lang='lat' dir='ltr'><strong>primum</strong></span> 
     </span>
     <span class='ocr_line' id='line_1_38' title="bbox 132 4242 1277 4336; baseline 0.009 -34"><span class='ocrx_word' id='word_1_302' title='bbox 132 4242 294 4306; x_wconf 71' lang='lat' dir='ltr'><strong>scintillare</strong></span> <span class='ocrx_word' id='word_1_303' title='bbox 318 4249 416 4327; x_wconf 89' lang='lat' dir='ltr'><strong>coepit</strong></span> <span class='ocrx_word' id='word_1_304' title='bbox 447 4253 638 4330; x_wconf 73' lang='lat' dir='ltr'><strong>pestilentia,</strong></span> <span class='ocrx_word' id='word_1_305' title='bbox 667 4253 871 4316; x_wconf 84' lang='lat' dir='ltr'><strong>occluduntur</strong></span> <span class='ocrx_word' id='word_1_306' title='bbox 898 4251 1008 4315; x_wconf 75' lang='lat' dir='ltr'><strong>aedesr</strong></span> <span class='ocrx_word' id='word_1_307' title='bbox 1044 4255 1099 4336; x_wconf 91' lang='lat' dir='ltr'><strong>qui</strong></span> <span class='ocrx_word' id='word_1_308' title='bbox 1125 4253 1277 4314; x_wconf 77' lang='lat' dir='ltr'><strong>laboranti</strong></span> 
     </span>
     <span class='ocr_line' id='line_1_39' title="bbox 132 4345 1273 4451; baseline 0.009 -48"><span class='ocrx_word' id='word_1_309' title='bbox 132 4345 317 4425; x_wconf 84' lang='lat' dir='ltr'><strong>inserviunt,</strong></span> <span class='ocrx_word' id='word_1_310' title='bbox 347 4351 573 4427; x_wconf 74' lang='lat' dir='ltr'><strong>nrbmavsntor</strong></span> <span class='ocrx_word' id='word_1_311' title='bbox 592 4377 618 4429; x_wconf 72' lang='lat' dir='ltr'><strong>a·</strong></span> <span class='ocrx_word' id='word_1_312' title='bbox 633 4358 767 4436; x_wconf 81' lang='lat' dir='ltr'><strong>publico.</strong></span> <span class='ocrx_word' id='word_1_313' title='bbox 810 4358 879 4420; x_wconf 81' lang='lat' dir='ltr'><strong>Hoc</strong></span> <span class='ocrx_word' id='word_1_314' title='bbox 892 4355 1208 4451; x_wconf 59' lang='lat' dir='ltr'><strong>‘quidamffeppallant</strong></span> <span class='ocrx_word' id='word_1_315' title='bbox 1227 4356 1273 4414; x_wconf 88' lang='lat' dir='ltr'><strong>in-</strong></span> 
     </span>
    </p>
   </div>
   <div class='ocr_carea' id='block_1_11' title="bbox 924 4474 992 4534">
    <p class='ocr_par' dir='ltr' id='par_1_17' title="bbox 924 4474 992 4534">
     <span class='ocr_line' id='line_1_40' title="bbox 924 4474 992 4534; baseline 0.015 -1"><span class='ocrx_word' id='word_1_316' title='bbox 924 4474 992 4534; x_wconf 82' lang='lat'><strong>23*</strong></span> 
     </span>
    </p>
   </div>
   <div class='ocr_carea' id='block_1_12' title="bbox 0 0 1417 4800">
    <p class='ocr_par' dir='ltr' id='par_1_18' title="bbox 0 0 1417 4800">
     <span class='ocr_line' id='line_1_41' title="bbox 0 0 1417 4800; baseline 0 0"><span class='ocrx_word' id='word_1_317' title='bbox 0 0 1417 4800; x_wconf 95' lang='lat' dir='ltr'><strong> </strong></span> 
     </span>
    </p>
   </div>
  </div>
 </body>
</html>
