2806 4800
611 227 687 299 227
770 252 773 258 ’

83 423 180 473 tatum
200 413 445 484 manifestarum,
466 422 539 488 puta
561 408 651 492 calidi
670 423 701 475 et
721 407 860 484 htrmidi,
890 421 1005 492 pestem
1034 422 1064 474 et
1086 395 1242 474 nonnun-s

78 532 176 593 'qusm
197 526 310 575 eeteros
333 513 471 584 morbos,
493 511 605 572 seilicet
627 513 741 572 malum
765 511 903 573 francum
924 513 1100 591 lepramve,
1120 527 1229 577 causet.

83 612 183 688 Quam
205 616 304 693 probe
318 627 358 676 tu
380 635 398 674 a
426 611 547 674 condito
569 634 646 676 aevu
667 615 831 677 etinvisos
853 636 917 676 nun
945 617 1037 677 lectos
1068 617 1231 695 producas,

84 718 217 796 quisquc
241 736 331 777 sanae
353 715 469 776 mentis·
484 713 631 777 dinoscet.
680 719 767 778 Duas
785 738 824 778 an
842 718 1047 797 proprietates
1073 719 1229 797 posuerim
1281 743 1284 746 ·

84 830 114 878 et
135 818 247 878 iterum
267 817 445 896 qualitatem
465 819 611 878 occultam
634 819 753 900 absque
780 819 917 881 subiecto
938 817 1089 894 dixerim,
1120 841 1231 900 quem-

84 914 251 976 admodum
272 929 323 991 tu,
352 930 386 978 ut
408 917 589 978 criminandi
611 921 768 981 materiam
796 940 977 1001 quaereres,
1010 931 1118 981 cuncta
1138 921 1230 980 etiam

85 1019 241 1079 verissima
261 1017 490 1097 profanando,
481 1040 512 1077 m
535 1040 584 1080 me
610 1021 689 1082 ialsu
717 1020 923 1095 confinxeras,
945 1041 1011 1079 mea
1029 1020 1100 1080 eatis
1120 1021 1231 1100 scripta

84 1132 270 1181 monstrant:
291 1141 345 1180 nec
362 1140 413 1201 me
432 1118 508 1181 adeo
523 1119 654 1182 detirum
672 1124 742 1204 quis
763 1134 867 1202 putet,
892 1142 926 1180 ea
948 1121 1038 1180 etiem
1056 1123 1231 1196 somniasse,

85 1242 164 1302 quae
185 1233 216 1282 tu
240 1241 288 1280 me
309 1194 520 1300 impudenter,
541 1235 574 1282 ut
596 1224 717 1298 assoles,
739 1219 853 1283 dixisse
875 1221 1041 1282 contendis.
1092 1219 1229 1296 Quod
1204 1243 1231 1284 st

84 1326 281 1384 commentari
310 1322 487 1400 delectaret,
524 1324 714 1387 conviciandi
749 1337 889 1405 paterent
912 1324 979 1391 viae
1008 1325 1230 1403 amplissimae.

85 1446 151 1486 nec·
166 1426 390 1503 meminissem,
413 1429 465 1489 'ni
500 1441 530 1490 et
561 1430 822 1493 scismaticum
857 1427 1006 1488 conviciis
1037 1446 1231 1505 provocarer,

84 1528 197 1608 quibus
219 1540 249 1590 et
276 1548 397 1610 semper
419 1531 553 1606 moveri,
586 1530 753 1611 despectae·
773 1529 882 1590 mentis
903 1529 1046 1591 arbitror.
1096 1524 1167 1601 Quo
1187 1526 1231 1602 fit,

84 1629 209 1692 brevius
229 1627 337 1692 dicam.
942 1645 945 1651 '

87 1814 198 1879 Circe
219 1817 479 1891 consolarium
498 1799 706 1891 secundum
736 1817 1004 1895 conclusionis
1031 1814 1230 1878 secundae.

556 1913 766 1999 (Xe-P·¹93·)
834 1974 836 1979 v
872 1971 875 1975 ·
904 1978 907 1983 <

118 2024 125 2045 '
172 2032 382 2108 Quis-,mirari
403 2033 516 2114 possit,
546 2035 573 2095 si
603 2055 651 2095 me
672 2031 795 2097 tandem
815 2046 880 2095 ‘tua
901 2035 1023 2112 prolixa
1047 2034 1233 2097 scurrilitate

15 2149 18 2155 ·
86 2138 269 2215 iniuriosum
278 2136 401 2211 laceres,
412 2136 445 2196 ni
457 2157 520 2201 rem
535 2147 634 2198 mente
649 2156 722 2199 sana
735 2134 896 2195 aestimans
911 2135 1054 2196 conviciis
1065 2133 1236 2212 disceptare

87 2239 145 2316 (uti
167 2249 201 2299 tu
220 2247 381 2317 nunquam
403 2235 512 2318 cessas)
526 2235 785 2317 despectissimum
808 2226 1036 2314 comperissem.'
1076 2233 1153 2297 Cum
1174 2235 1235 2296 tibi

75 2340 236 2400 maiorum
258 2338 435 2417 sententias,
458 2352 537 2416 ques
563 2335 732 2413 neclegis,
762 2354 819 2396 nec
839 2335 1000 2413 intelligis,
1027 2336 1238 2413 allegaverim,

87 2437 125 2499 de
140 2439 234 2516 nugis
257 2455 460 2503 memccueasz
473 2458 550 2499 cum
561 2435 723 2511 dixerim,
749 2437 831 2499 inter
847 2437 975 2497 ntorboe
989 2488 992 2493 .
1004 2435 1191 2515 epidimicus·
1202 2449 1233 2503 et

44 2616 47 2621 Ι
85 2540 245 2618 pestiferos
266 2540 403 2603 multum.
416 2540 579 2615 interesse,
609 2537 871 2621 quemadmodum
892 2540 978 2599 inter
996 2558 1093 2616 genus
1112 2552 1142 2600 et
1163 2559 1234 2618 spes

87 2641 171 2701 ciem.
190 2637 355 2714 ‘Quodsi
375 2643 460 2726 alios·
473 2641 638 2706 medicinae
655 2654 779 2703 autores
800 2642 879 2703 forte
897 2638 1052 2718 despicis,
1081 2663 1162 2703 nunc
1176 2643 1237 2702 los

87 2744 500 2807 mnaruemxmonnua,
514 2764 624 2823 precor
647 2741 749 2818 andi,
779 2763 849 2803 cum
878 2741 995 2822 inquit:
1022 2740 1179 2820 epidimici
1192 2743 1235 2829 ,lai
1262 2820 1265 2832 Ι

88 2855 157 2905 sum
180 2843 289 2917 morbi,
308 2841 434 2922 quando
455 2855 592 2917 mutetur
611 2849 664 2909 c‘e'r
685 2838 852 2905 secundum
876 2842 1075 2903 srrbstantiam
1089 2841 1164 2903 sive
1184 2861 1232 2900 es·

88 2941 231 3013 sentiam,
251 2941 491 3015 autmcundum
507 2946 704 3026 qualitatem,
727 2955 761 3005 ut
784 2941 811 3002 si
832 2942 940 3021 hyems
961 2941 1054 3014 sicca,
1082 2962 1137 3003 ver
1157 2960 1234 3015 veru
1309 2925 1311 2929 ⁷

88 3043 263 3120 pluviusunt
286 3056 315 3104 et
336 3047 488 3111 astricum·
507 3047 626 3120 duent,
650 3042 859 3122 ,aegritudines
881 3039 1060 3119 epidimicae
1077 3032 1172 3102 fiunt:
1200 3043 1232 3109 ,si

87 3140 253 3203 secundum
292 3145 464 3206 essentiam·
484 3145 708 3224 corrumpitur,
746 3153 870 3220 generat
908 3142 1032 3200 morbos
1062 3140 1232 3218 pestiferos.

87 3245 356 3317 PraetereaSuton
366 3248 548 3320 leudunum,
560 3248 739 3321 Monaeses
751 3245 978 3318 Srnvamouset
995 3243 1107 3318 ceteri,
1118 3244 1236 3324 quihus

87 3358 121 3406 tu
143 3347 233 3422 lunge
253 3343 407 3424 dispar-et
429 3328 751 3425 inferiore-,epidimia
772 3364 867 3424 genus
889 3357 937 3407 est
953 3342 994 3421 ad
1007 3343 1236 3426 pandimonet

39 3481 42 3487 ·
87 3448 302 3526 pestilentiam,
322 3512 325 3519 ,
344 3449 433 3520 Anne
455 3451 638 3522 conviciatur
653 3451 706 3510 ille
724 3469 777 3521 ,me
798 3447 939 3526 improbe
960 3447 1079 3520 turbat,
1100 3449 1234 3530 quisque

88 3551 137 3611 vir
156 3551 256 3613 bonus
275 3548 397 3615 iudicet.
438 3553 520 3633 Dixi
534 3573 675 3635 quoquc,
695 3547 845 3633 quosdam
858 3547 1034 3628 epidimicoe
1054 3545 1142 3627 tertia
1161 3571 1233 3632 parf

88 3656 180 3717 sicma
211 3652 383 3727 numerari,
415 3674 516 3745 neque
541 3652 583 3717 de
612 3653 756 3715 omnibus
785 3670 941 3731 unquam,
955 3648 1232 3733 „quemadmodum

88 3757 256 3827 aemulatur
272 3755 326 3819 ille
346 3757 453 3831 lateat,
473 3772 552 3823 eum
558 3759 729 3825 locutus.
752 3754 787 3817 si
805 3774 915 3832 genere
933 3753 1113 3831 simpliciter
1131 3753 1233 3832 posito

89 3874 240 3934 quaeque
251 3858 371 3963 specics
403 3859 572 3925 inferenda
591 3861 648 3933 sit,
682 3858 848 3937 puerulus·-
844 3855 1005 3929 dinoscat-
1060 3851 1131 3919 set
1156 3849 1234 3932 quid

89 3954 223 4021 morosi
248 3933 369 4035 putaui
399 3961 488 4023 etiam
519 3962 643 4027 brutis'
634 3978 788 4037 tngruere
785 3957 958 4025 causaris&
966 3974 1072 4035 ‚quam
1088 3965 1127 4019 tu
1148 3972 1234 4032 camp

90 4054 199 4130 velim3
209 4073 280 4121 nun
303 4077 479 4135 pecorum,
474 4061 546 4125 sed
575 4062 738 4125 huminum
763 4055 900 4123 medicus
931 4072 1154 4148 nonuunquam
1177 4050 1234 4125 fui·

88 4152 258 4220 tttedicinae
280 4158 366 4225 enta..
381 4163 684 4242 subimrumcorpus
702 4163 874 4225 htiuauum-
893 4157 948 4231 sit,
969 4154 1054 4227 cuius
1074 4151 1235 4233 aegritudo

90 4269 128 4324 ut,
142 4257 243 4336 passio
272 4268 463 4327 mensumn
475 4263 678 4331 nauseante
708 4281 857 4342 pecorum,
873 4257 1162 4326 eutemmcrtelitas
1182 4265 1236 4321 aut

886 4372 951 4432 15*
