2806 4800
632 228 704 300 tss

115 417 241 502 inquit),
258 418 284 480 si
306 404 459 500 quispiam
481 415 629 479 adversus
648 413 875 478 mathematicos
887 412 1021 474 scribere
1041 413 1115 474 velit
1137 411 1266 491 imperi·

116 535 166 584 tus
186 522 372 597 matheseos,
395 522 471 583 risui
491 520 627 599 patebit;
654 536 733 598 opus
747 517 870 598 -quippe
893 515 926 576 iu
947 511 1123 576 refellendis
1154 515 1266 593 explo-

115 623 285 705 dendiaque
305 623 450 683 monstris
468 620 573 683 eadem
595 640 694 682 nossa
747 619 834 680 Falsa
855 619 982 696 insuper
1001 614 1174 676 declarator
1191 637 1266 677 con·

115 723 230 800 tendit,
250 727 437 785 Avt'cnurssa
458 719 611 802 duplicem
624 719 813 800 pestilentiae
827 738 945 780 missam
961 716 1173 796 assignarim,
1192 737 1263 776 cum

115 838 227 890 asserat
248 827 448 904 pleramque,
467 821 552 903 quod
576 842 672 882 causa:
685 820 752 881 eius
772 839 829 900 per
847 839 882 880 se
901 831 931 881 et
950 815 1127 879 immediata
1146 818 1186 879 sit
1204 839 1264 897 pu·

116 927 274 991 traiectum
295 945 360 986 esse
380 925 477 1000 a'e’ris,
498 924 584 985 cuim
604 925 749 983 haustum
771 921 932 982 homiuum
963 917 1129 982 multitudo
1160 941 1265 981 neces·

116 1029 198 1092 sario
217 1026 369 1107 inspirans
389 1025 580 1104 contagiosus
598 1024 819 1085 labi-obnoxia
837 1021 994 1101 redditur;
1023 1022 1172 1103 dabitque
1192 1042 1265 1084 oon·

28 1134 37 1142 “
116 1131 200 1211 tegio
227 1130 327 1191 labem
356 1139 386 1191 et
408 1127 491 1190 dubit
512 1129 545 1189 in
567 1129 688 1207 plures,
715 1126 796 1188 sicut
817 1148 892 1205 grex
913 1139 993 1188 totus
1015 1126 1046 1186 in
1069 1127 1150 1205 agris
1171 1126 1265 1186 unius

115 1233 215 1298 scabie
235 1229 316 1295 cadit
338 1244 375 1294 et.
387 1230 545 1310 prurigine
566 1229 675 1309 porci,
693 1225 806 1289 nedum
829 1228 971 1291 tonante
984 1226 1071 1302 mli,
1091 1225 1143 1287 sed
1164 1239 1195 1289 et
1216 1228 1265 1289 in·

112 1334 276 1399 tentionali
294 1333 482 1410 contagione.
524 1328 617 1406 Quod
639 1342 740 1390 autem
761 1351 834 1391 suae
854 1329 1010 1411 opinionis
1030 1326 1263 1391 tundamentum

116 1430 221 1511 affert,
250 1434 343 1496 scilic.
373 1434 450 1494 lacta
471 1432 682 1494 coniunctione
711 1429 955 1511 ponderosorum
987 1432 1021 1492 in
1049 1431 1179 1510 geminis
1205 1431 1266 1490 luit

117 1539 283 1600 mortalitas
307 1557 425 1616 magua,
447 1537 477 1595 iu
501 1537 658 1598 Avtcerus
675 1535 786 1596 necubi
808 1536 909 1614 legere
928 1547 984 1608 est,
1003 1532 1058 1598 sed
1077 1531 1172 1602 inette
1191 1552 1266 1594 eon·

116 1641 323 1705 iunctionibus
344 1637 460 1716 maguis
485 1640 721 1698 Annuusssnet
740 1634 778 1697 de
793 1635 1032 1716 proprietatibus
1044 1636 1266 1696 elementorum

117 1745 254 1808 traces„
277 1763 300 1802 c.
321 1745 356 1818 l,
378 1761 471 1823 quem
494 1741 570 1801 false
590 1740 781 1800 detererem
800 1738 966 1800 ascribunt.
1009 1734 1101 1812 Quod
1121 1736 1150 1799 si
1170 1738 1266 1817 gratis

114 1847 165 1909 illi
187 1863 361 1908 concessero
397 1843 566 1923 praelatam
593 1842 802 1904 auctoritatem
834 1861 874 1903 ex
897 1841 1091 1902 detererem
1114 1851 1167 1900 aut
1188 1841 1265 1901 Ast·

119 1968 216 2011 cauus
231 1948 356 2027 colligi,
376 1966 440 2009 non
461 1959 563 2008 tamen
591 1967 631 2008 ex
652 1967 687 2006 ea
708 1945 864 2028 cautritur,
893 1943 978 2028 quod
1000 1944 1171 2007 coniunctio
1198 1944 1267 2024 ipsa

117 2050 329 2113 mortalitatem
345 2049 521 2111 confecerit:
541 2049 711 2128 imperante
720 2048 803 2110 enim
820 2046 892 2110 divo
902 2049 1133 2124 Mtxtmmsso,
1152 2047 1266 2108 Roma·

118 2173 227 2216 nomm
248 2172 319 2229 rege
340 2171 460 2231 semper
476 2151 694 2228 invictissimo,
728 2149 853 2213 ducatus
866 2150 1112 2213 ¹Mediolanensis
1136 2171 1154 2211 a
1174 2149 1267 2211 luris·

118 2255 249 2316 dictione
270 2250 380 2314 domus
400 2253 529 2313 Sroncts
551 2249 624 2312 dum
645 2248 758 2313 dicitur
777 2250 934 2328 deiecisse,
956 2272 1019 2313 non
1039 2264 1158 2326 autem,
1179 2249 1266 2334 quod

121 2355 212 2418 divus
232 2353 472 2414 strumentus
495 2351 565 2414 inde
585 2353 876 2417 cauudeteestonis
899 2355 1001 2432 luerit,
1024 2356 1180 2438 sequitur,
1198 2358 1267 2416 *imo

119 2454 386 2520 christianissimus
407 2456 593 2517 Francorum
614 2476 687 2531 rex,
707 2456 889 2532 Loowtcos.
932 2457 1026 2520 Sicuti
1041 2459 1122 2519 enim
1136 2459 1268 2520 llomaui

120 2581 177 2641 per
200 2559 344 2620 consules·
358 2571 387 2620 et
410 2579 560 2635 caesares,
581 2559 690 2621 Graeci
713 2560 769 2640 per
790 2558 1000 2642 olympiades,
1033 2561 1075 2623 ita
1096 2552 1264 2623 astronomi

22 2712 23 2717 ,
119 2681 175 2741 per
195 2681 280 2722 aeras
302 2662 491 2740 magnarum-
516 2661 763 2729 coniunctionum
794 2675 887 2744 atque
917 2663 1042 2742 eclipses
1067 2664 1266 2725 luminarium

120 2763 326 2842 supputabant
347 2775 485 2842 tempora
508 2764 730 2827 chronicarum.
780 2765 829 2826 De
849 2765 994 2840 Gannico,
1022 2785 1042 2825 a
1072 2786 1135 2847 quo
1167 2766 1267 2828 oannis

122 2861 254 2926 medicae
275 2863 518 2942 artissapientia
537 2878 608 2945 post
629 2867 850 2926 Hurocaarsu
875 2887 1012 2929 manasse
1028 2865 1178 2944 ⁸videtur,
1208 2871 1267 2930 hoc

120 2968 162 3027 in.
176 2963 533 3046 praesentiarepetendo
556 2987 725 3043 monemus,
747 2965 832 3051 quod
853 2969 972 3049 ipsein
994 2971 1119 3031 materia
1135 2968 1267 3032 de-crisi

120 3089 160 3129 ex
181 3066 305 3128 scientie
324 3065 472 3142 aliorum,
503 3080 577 3148 puta
596 3071 818 3149 astrologorum
841 3071 1053 3152 aegyptiorum
1073 3072 1213 3151 loquitur
1235 3084 1266 3132 et

121 3190 183 3231 nou
205 3169 425 3244 Insecutus,
453 3169 486 3230 in
508 3191 573 3252 quo
595 3169 743 3236 duntaxat
765 3173 936 3236 etin-aliis
963 3169 1265 3256 nusquamdeclara·

121 3279 171 3331 tor
195 3270 349 3332 Gemuere
368 3270 521 3349 imitatur,
552 3273 612 3336 uisi
643 3288 673 3337 et
703 3276 763 3338 ltoc
782 3273 894 3348 addere
915 3276 1034 3352 libeat,¹
1055 3272 1140 3359 quod
1163 3275 1210 3339 vir
1231 3289 1267 3339 ut

120 3371 177 3432 ille
195 3372 314 3450 uspiam
335 3393 397 3435 non
418 3375 524 3453 latret,
555 3397 617 3438 uon
640 3376 776 3440 mordeat
797 3378 1119 3462 sibique‘plurimum
1148 3401 1270 3463 semper

122 3485 251 3549 arroget.
293 3473 459 3537 Rellecteus
480 3478 630 3555 calamum
660 3476 699 3538 ad
721 3481 909 3543 Artceuutu
930 3479 1099 3544 declarator
1124 3483 1268 3546 eximium

121 3570 285 3637 ruditatem
304 3575 455 3654 patefacit,
474 3597 508 3639 se
528 3578 630 3657 scilic,
651 3580 726 3662 quid
752 3586 808 3644 sel:
823 3583 986 3647 affirmatio
1009 3587 1058 3646 vel
1079 3589 1201 3666 negatio
1220 3587 1269 3663 sit,

122 3678 249 3741 omuino
278 3679 440 3758 ignorares
458 3728 461 3732 Α
477 3682 572 3742 serbo
597 3683 688 3743 ⁴euim
705 3683 848 3766 impedit
878 3685 978 3771 (quod
993 3691 1142 3750 :consulta
1156 3712 1160 3719 ¹
1176 3708 1271 3766 opera

122 3779 294 3868 omisimus)
324 3782 380 3843 ista
399 3784 502 3845 miuus
530 3788 720 3866 conearisnt3
751 3808 822 3851 uam
853 3790 916 3852 lere
943 3787 1030 3858 idem·
1054 3801 1099 3850 est
1130 3787 1270 3868 impedit,

122 3885 208 3968 qtrod
229 3887 388 3968 occupatio
410 3901 464 3965 est,
484 3903 519 3952 ut
539 3891 656 3974 absque
679 3914 716 3954 eo
728 3894 1138 3958 verbo-sensusAvtcsuuse
1153 3891 1269 3970 optime

122 4003 252 4064 constet,
272 3993 340 4054 talis
359 3993 510 4073 prolecto:
534 3996 754 4075 philosophum
776 4009 903 4078 occupet
924 4010 952 4058 et
971 4012 1034 4056 non
1052 3993 1202 4056 medicum
1223 4014 1270 4069 eo,

124 4089 207 4171 quod
224 4098 384 4175 'occupatio
409 4096 516 4160 uredici
540 4099 682 4170 rtoa'sit,
714 4101 950 4172 causam-:eride
978 4103 1063 4165 iuter.
1089 4098 1189 4162 sidera
1216 4110 1267 4160 aut

125 4194 272 4255 arassetis
294 4216 453 4275 quaerere.-
492 4200 586 4260 Mitto
608 4199 847 4281 hebetudinem,
865 4228 930 4288 qua
946 4216 1115 4288 ¹penetrare
1136 4224 1198 4264 uon
1211 4222 1266 4284 po·

123 4299 197 4373 tuit,
229 4309 262 4360 ut
280 4297 487 4381 'intelligerem
527 4300 662 4364 cunrde
693 4306 869 4371 mutatione·
886 4314 965 4373 aeris
997 4307 1100 4371 corrlra
1129 4320 1270 4369 naturam
