2806 4800
720 228 770 299 66

170 419 201 480 iu
223 417 329 498 capitis
349 413 499 480 testudine
521 415 676 488 inhaeret,
710 411 741 474 id
761 414 872 476 sensim
902 409 974 474 inde
1001 409 1183 474 discinditur
1211 411 1322 491 proxi·

91 527 98 551 ¹
171 543 298 604 masque
320 540 412 583 tetras
435 540 495 580 sitta
516 539 585 579 cunr
607 516 716 578 subtili
738 537 850 596 vapore
870 513 909 576 ad
931 515 1078 579 cervicem
1101 513 1193 593 petit,
1224 536 1319 596 quant

170 621 440 706 aliquamdiunec
459 620 559 694 ssecti,
590 639 644 681 nec
666 617 743 698 erigi
763 617 845 680 sinit.
887 620 996 700 Postea
1021 614 1061 678 ad
1082 617 1220 696 scapulos
1239 616 1325 680 deci·

171 725 247 792 dens
266 739 381 790 tantam
400 721 597 804 gravedinem
619 723 722 799 iniert,
744 721 828 805 qnod
850 743 882 784 se
903 723 974 804 quis
995 723 1141 784 molarem
1157 722 1189 783 in
1210 723 1324 784 ltnms-

171 831 214 892 ris
236 831 315 891 lerre
337 827 507 902 existimat,
539 823 636 889 donec
659 828 740 888 calor
761 825 872 888 obvius
892 825 1039 887 sucosam
1062 825 1173 886 carolem
1196 825 1324 888 resolvit

173 945 201 996 et
223 930 272 1010 id,
292 929 378 1016 quod
401 945 446 994 cst
467 931 629 1008 subtilius,
658 929 698 993 ad
720 931 873 993 tenuiores
893 930 1020 993 arterias
1043 942 1073 991 et
1093 948 1215 1004 nervos,
1235 948 1324 1008 gros·

172 1036 234 1098 sius
254 1057 326 1099 vero
354 1033 395 1098 ad
425 1035 589 1116 autpliores
617 1053 712 1096 venas
743 1045 773 1095 et
799 1033 955 1095 iuncturas
985 1029 1127 1095 admittit.
1178 1028 1261 1095 Illud
1287 1031 1324 1091 in

173 1139 283 1203 cubitis
303 1153 333 1203 et
355 1138 494 1218 genubus
514 1119 684 1199 inflationes
713 1146 741 1196 et
763 1135 796 1195 in
816 1156 941 1197 crurum
972 1135 1085 1212 scalis,
1098 1135 1161 1202 ¹nbi
1181 1132 1324 1197 meuriss

173 1239 318 1320 gradibus
341 1241 489 1305 contineri
508 1251 624 1320 potest,
652 1238 811 1301 tubercula
832 1235 911 1300 edit:
943 1235 1026 1301 istud
1047 1235 1181 1300 calidum
1200 1249 1231 1300 et
1251 1255 1326 1297 acn-

174 1356 255 1420 tum,
277 1344 310 1403 in
331 1339 444 1405 eisdem
466 1341 540 1404 locis
561 1338 601 1403 ad
622 1337 759 1405 viridam
789 1339 990 1401 substantiam
1024 1352 1203 1419 penetrans,
1234 1357 1325 1439 pr*

173 1447 251 1506 satos
272 1445 421 1506 cruciatus
442 1457 574 1523 generat,
597 1443 652 1524 qui
663 1443 791 1522 propter
805 1442 875 1520 gelu
889 1455 1039 1504 nocturno
1058 1455 1197 1521 tempore
1217 1438 1326 1520 potins

174 1570 268 1630 quam
290 1547 401 1611 diurno
424 1561 552 1628 urgent,
587 1547 659 1629 qnia
681 1565 737 1625 per
765 1543 999 1624 autiparistasim
1032 1542 1165 1607 calidum
1194 1555 1223 1604 et
1250 1565 1325 1603 actr-

174 1663 240 1715 tum
261 1649 388 1714 calidius
408 1664 438 1714 et
458 1651 575 1713 acutius
596 1646 744 1712 redditur.
788 1646 889 1722 Quam
905 1646 1181 1711 incommoditatem
1196 1647 1326 1709 tertium

174 1756 363 1835 periculum,
384 1755 587 1830 exulceratio,
607 1752 641 1812 in
663 1751 798 1830 vestigiis
817 1751 940 1834 insequi
960 1753 1052 1814 solet:
1091 1750 1249 1811 cuiusvero
1274 1764 1326 1813 rn-

174 1859 249 1919 bera
269 1859 316 1920 vel
348 1878 405 1937 per
431 1869 526 1919 semet
553 1856 621 1936 ipsa
649 1866 856 1934 rumpuntur,
892 1866 921 1916 et
950 1866 1022 1916 tunc
1049 1855 1143 1930 longo
1177 1855 1326 1933 ternporis

176 1958 306 2025 decursu
326 1959 487 2024 induistus
508 1962 623 2023 humor
643 1960 825 2034 resolvitur,
856 1971 886 2020 et
906 1959 976 2032 ille,
1004 1958 1059 2039 qni
1087 1969 1130 2018 est
1160 1969 1265 2020 acutos
1294 1969 1325 2018 et

176 2065 366 2142 corrosivus,
387 2063 660 2127 circumferentiam
682 2064 746 2124 eius
767 2061 843 2136 loci,
877 2079 1046 2140 perquem
1069 2059 1220 2139 ertunpit,
1251 2058 1326 2121 assi

177 2160 238 2226 due
258 2166 390 2228 corrodit
398 2209 407 2240 ‚
438 2165 523 2248 quod
551 2167 706 2245 ingentia,
741 2162 904 2224 horribilia
932 2174 962 2223 et
988 2163 1169 2225 insanabilia
1197 2163 1326 2226 voluere

176 2261 249 2323 inde
269 2264 475 2341 effodiuntur,
502 2285 581 2345 quae
602 2263 642 2326 nd
664 2265 841 2340 biennium,
874 2263 1042 2325 triennium
1072 2269 1120 2327 vel
1142 2266 1325 2348 quinquen·

177 2362 264 2423 nium
298 2363 464 2446 aliquando
493 2363 606 2427 durant
637 2377 666 2425 et
693 2366 726 2424 in
758 2365 899 2443 pluribus
921 2365 1023 2426 otnnia
1051 2387 1119 2429 ossa
1152 2365 1325 2443 denudant3

179 2465 228 2524 vel
250 2485 306 2544 per
325 2467 503 2539 sanniones,
524 2465 667 2540 linarias,
689 2477 841 2542 tonsores,
862 2466 1061 2544 bracteareos,
1084 2471 1238 2547 vinarios,
1253 2471 1325 2550 ‹pels

177 2567 292 2644 lienes,
313 2569 523 2644 claustrarios,
544 2579 678 2644 sutores,
696 2580 827 2632 sartores
849 2580 878 2629 et
900 2569 977 2631 alios
1006 2573 1105 2633 omnis
1134 2573 1259 2651 generis·
1279 2575 1326 2635 ls-

179 2691 232 2733 ves
255 2671 412 2745 homines,
439 2669 496 2749 qui
516 2689 557 2730 ex
585 2665 803 2733 sordidissiusis
830 2669 969 2749 popinis,
998 2672 1133 2734 tabernis
1162 2684 1193 2741 ct
1213 2673 1326 2753 prusti-

179 2774 261 2839 bulis
281 2773 320 2834 ad
339 2773 556 2854 professionem
582 2792 671 2835 curae
691 2772 779 2835 istius
807 2769 1006 2851 aegritudinis
1036 2775 1148 2852 egressi
1177 2795 1245 2836 cum
1267 2796 1326 2837 tut*

179 2887 362 2952 guentorum
384 2885 414 2935 ct
434 2877 681 2953 cataplasmatum
702 2877 776 2956 pilis
795 2891 888 2958 atque
911 2878 977 2939 telis
998 2879 1119 2941 hostem
1148 2896 1326 2960 expugnare

181 2989 341 3052 conantur,
362 2977 394 3038 in
416 2974 511 3039 fluide
531 2975 718 3060 sordidaque
740 2980 850 3056 ulcera,
869 3002 949 3062 quse
970 2993 1119 3061 perpetuo
1142 2984 1326 3058 excruciant,

180 3076 370 3156 rediguntur,
413 3080 538 3158 Aegroti
551 3080 631 3141 enim
645 3078 796 3160 desperati
811 3103 908 3164 quum
923 3082 1045 3145 clinicos
1060 3103 1114 3146 sen
1126 3086 1325 3151 lenticularios

181 3177 314 3242 medices
337 3179 528 3267 concordiam
550 3203 619 3244 cum
639 3185 750 3245 morbo
770 3185 905 3247 sanxisse
917 3183 1120 3264 considerant,
1139 3189 1331 3269 ampdissima

180 3282 331 3363 stipendia
359 3288 533 3352 solentibus
563 3306 669 3348 curare
698 3299 854 3364 statuunt,
886 3289 999 3369 quibus
1034 3290 1146 3370 integri
1176 3292 1326 3355 exercitus

181 3383 360 3447 lminsmodi
372 3386 515 3467 opificum
531 3399 561 3449 et
581 3390 733 3463 lictorum,
754 3390 969 3470 vespillonum,
990 3410 1164 3454 scurrarum
1187 3405 1216 3456 ct
1236 3413 1326 3473 pern·

180 3487 308 3548 sitorum
339 3487 439 3549 allecti
469 3488 625 3551 coullunnt
654 3489 929 3573 inexercitatasqne
959 3492 992 3552 iu
1014 3505 1078 3554 arte
1098 3490 1240 3557 medendi
1261 3513 1325 3553 itia·

182 3608 241 3649 ntis
260 3587 367 3648 laceris
388 3588 567 3665 corporibus
588 3586 824 3651 accommodant.
878 3589 1020 3666 Quorum
1046 3591 1198 3670 imperitia
1225 3601 1322 3652 tantas

182 3690 348 3751 anxietates
368 3689 473 3766 affert,
496 3703 624 3771 quantas
646 3693 781 3755 lcumena
801 3693 908 3773 lingna
929 3693 1012 3757 haud
1033 3692 1119 3752 facile
1130 3690 1231 3754 verbis
1248 3709 1322 3752 con-

181 3791 269 3870 sequi
276 3832 285 3866 ,
314 3788 454 3868 quinimo
475 3791 529 3850 vix
552 3791 705 3872 quispiam
726 3813 845 3855 summa
865 3795 1078 3875 cogitationum
1101 3791 1189 3870 copia
1209 3815 1323 3875 appre-

181 3889 315 3952 hendere
335 3903 443 3970 potest.
485 3895 552 3956 Hoc
563 3938 572 3972 ,
593 3896 731 3977 inquam,
752 3897 890 3977 profiteri
904 3892 1111 3971 audeo„istud
1131 3897 1323 3961 cruciatuum

181 4012 286 4072 genus,
307 3991 392 4074 qnod
412 3995 463 4058 isti
478 3994 652 4078 deceptores
672 4000 704 4059 in
717 3999 901 4063 exsiccandis
922 3995 1233 4081 pustulis-tergendis
1254 4003 1325 4063 rul-

103 4135 105 4140 -
180 4095 325 4170 neribus,
355 4097 564 4160 exlmnrienda
584 4100 889 4184 sanieliugendaquc
917 4104 1044 4167 sanitate
1068 4100 1224 4178 inierunt,
1253 4104 1325 4167 ulti·

181 4215 261 4257 mam
283 4196 317 4255 iu
338 4199 395 4258 hac
414 4198 548 4269 vindicta
568 4215 605 4265 et
617 4203 801 4282 peculiarem
813 4205 1024 4279 summitatem
1038 4226 1096 4283 μα,
1110 4205 1202 4275 etlam
1227 4208 1324 4275 multo

182 4297 428 4369 trttculentiorem
450 4300 517 4381 ipsa
538 4304 607 4366 tabe
625 4305 778 4384 mistero,
791 4364 793 4369 ,
805 4308 852 4375 ob
863 4303 906 4366 m
918 4291 1084 4384 emineas
1100 4307 1258 4381 numanae
1269 4307 1326 4375 „ri-
