2806 4800
1133 180 1158 229 Ι

663 217 742 293 248

129 405 225 467 totius
243 403 372 467 babitsti
389 404 475 466 orbis
491 403 584 481 radii,
604 407 740 468 seculum
761 417 898 467 nostrum
914 407 1107 470 omnifariam
1120 410 1285 473 illustran-

25 538 29 545 ¹
130 519 196 584 tes,
215 510 381 572 Turonos.
409 509 518 586 Gaza,
537 509 673 572 illustres
693 511 759 570 Prot
780 529 820 571 ex
841 510 1034 603 principibus
1052 513 1284 590 lllmsnnnnan,

130 611 325 673 Hnnuonsos
336 604 518 690 ‘patriarcba
533 613 759 694 Aquileiensis,
778 613 1173 693 Psanom.Conasaua1us,
1192 618 1283 680 Lau·

129 735 221 778 naar.
239 715 501 792 Lsoaanmans,
527 718 623 778 Para.
641 730 672 778 et
693 717 809 779 Fnsnc.
839 717 969 777 Bonosu
996 717 1184 796 Trigemini,
1212 720 1282 781 Lo·

129 837 205 881 nov.
225 819 369 894 Baunns,
386 819 496 881 Nroon.
515 821 726 896 Lromoaaus,
747 821 867 880 Aaron.
888 820 1104 895 Favrsrmus,
1120 821 1186 883 lon.
1195 822 1281 882 Mar·

129 937 253 981 sannam
274 921 496 998 Ferrariaasis,
526 923 688 1004 episcopus
708 921 942 1000 wangionum,
966 941 1131 1000 generosus
1152 923 1282 985 Bonus·

129 1039 209 1081 asos
229 1042 268 1082 na
289 1022 517 1101 Hsssaasrsm,
541 1026 723 1100 Διιυιιιιιιι,
744 1027 965 1087 Tanonomcos
988 1024 1149 1100 Frlsooes,
1177 1026 1280 1088 Ηιιιιι.

129 1120 287 1199 Eurooos,
307 1125 436 1218 Mas-ru.
458 1127 609 1202 lisanam,
630 1129 734 1190 lonoc.
757 1128 927 1204 Brasnmos,
944 1127 1009 1188 lon.
1031 1149 1073 1188 nx
1087 1146 1190 1202 noras,
1212 1129 1280 1190 lon.

130 1242 170 1283 nn
190 1223 366 1301 Krrsonnm
387 1227 549 1289 Turonos.
570 1249 610 1287 na
632 1227 818 1303 Wnarnan,
846 1229 921 1288 aaa.
942 1247 982 1287 nr
1003 1228 1161 1304 Manno,
1180 1228 1280 1291 Paua

129 1325 294 1403 Wsrros,
316 1329 437 1390 Enseu.
455 1330 593 1407 Sanam,
613 1332 678 1391 lon.
700 1331 817 1404 Msms,
838 1330 968 1391 blarru.
988 1330 1136 1406 Lamnus,
1158 1331 1279 1394 Gnoso.

128 1428 333 1506 Dorrarms,
351 1431 418 1492 lou.
439 1431 563 1492 Honora.
584 1429 784 1507 conmanere,
806 1433 904 1492 Anna
928 1432 1114 1508 Dsmrzson,
1133 1433 1279 1498 Διιιιοιι).

127 1526 444 1609 Lmnsr1nns1s,lon.
465 1535 616 1610 lesuram,
637 1536 830 1596 Bnannanos
849 1533 1055 1596 sammua
1077 1534 1183 1594 etalii
1194 1555 1280 1599 oom-

129 1634 235 1714 plures
255 1655 380 1714 graesae
399 1649 429 1698 et
448 1637 562 1699 latinae
581 1637 757 1715 linguarum
779 1633 919 1710 studiosi,
941 1635 999 1716 qui
1016 1654 1079 1695 non
1094 1635 1196 1697 solum
1214 1658 1280 1701 me·

128 1735 279 1814 dicium,
296 1737 349 1800 sed
371 1753 494 1802 cunctas
514 1741 609 1801 bonas
632 1751 712 1801 artes
732 1738 878 1819 pristinae
894 1736 1064 1815 integritati
1083 1749 1113 1798 et
1130 1757 1279 1804 romanae

129 1841 272 1918 gravitati
296 1843 488 1922 postliminio
510 1843 701 1904 restituentes
735 1837 916 1920 epidemiam
944 1840 1117 1917 vulgarium
1147 1853 1177 1903 et
1209 1843 1279 1903 uni·

128 1945 278 2005 versalem
298 1947 442 2007 morbum
454 1944 647 2025 seriptissuis
665 1940 841 2024 prodidere,
863 1962 911 2018 so,
931 1939 1016 2024 quod
1030 1943 1115 2003 statis
1126 1940 1279 2007 duntaxat

127 2045 318 2127 temporibus
337 2048 453 2108 multos
472 2048 575 2110 subito
599 2059 629 2109 et
649 2045 751 2125 primo
774 2057 905 2123 agrestes
926 2055 956 2105 et
972 2043 1107 2120 servitia,
1127 2063 1203 2107 mox
1224 2067 1278 2121 ur·

128 2149 182 2211 bes
203 2170 238 2210 ao
263 2161 360 2210 castra
385 2147 504 2212 invadit
530 2150 723 2230 impletque:
751 2145 856 2208 domos
884 2166 995 2225 nempe
1028 2149 1061 2223 (a
1092 2166 1157 2226 quo
1183 2147 1279 2209 etiam

128 2247 323 2334 demodocos)
344 2254 503 2330 vulgatum
531 2248 651 2326 dicunt,
679 2250 712 2310 in
742 2251 803 2311 boo
820 2248 1000 2329 praesertim
1023 2260 1056 2309 ut
1075 2249 1145 2310 aliis
1166 2252 1277 2329 pleris-

128 2374 191 2435 que
208 2354 255 2418 M.
278 2355 316 2415 T.
339 2353 529 2428 Crannonem,
547 2354 692 2429 Paratum,
714 2351 849 2428 Causast,
870 2351 1061 2426 Vsunoaau,
1081 2351 1276 2429 homotona,

128 2457 273 2519 sanaem
294 2467 349 2516 oet.
368 2456 594 2516 mammam
616 2466 693 2517 teste
712 2456 834 2516 imitati.
883 2454 955 2517 Non
977 2473 1050 2532 ergo
1071 2455 1199 2518 morbus
1222 2454 1274 2519 ad·

128 2559 254 2620 veniens
274 2557 323 2641 (ut
343 2554 409 2641 tu),
430 2556 484 2619 sed
505 2557 710 2621 universitatis
726 2570 755 2620 et
776 2558 934 2636 vrtlgarius
954 2554 1003 2638 (ut
1025 2557 1113 2618 latini
1134 2559 1278 2621 homines

128 2673 159 2724 et
179 2683 207 2723 a.
218 2664 331 2743 graecis
352 2662 441 2725 duma
460 2663 541 2726 ratio
562 2660 770 2746 expostulant)
793 2660 883 2724 debet
905 2658 1057 2741 epidemia
1076 2662 1218 2742 intelligi.

171 2812 174 2817 -
213 2768 421 2844 Prnaogorom
453 2769 495 2828 od
532 2768 712 2831 Nicandrum
743 2777 797 2826 ete.
820 2798 863 2811 -
927 2763 1067 2825 Profecto
1101 2784 1185 2826 non·
1201 2764 1274 2827 ideo

127 2869 319 2947 Praxagorae
337 2868 375 2930 ad
398 2870 548 2930 Niosson.
570 2867 609 2929 de
636 2866 869 2930 advenientibus
891 2867 1008 2928 morbis
1030 2869 1174 2930 volumen
1195 2869 1278 2929 nihil

50 3008 53 3015 ,
127 2973 244 3051 arguit,
265 2971 339 3053 quia
360 2973 464 3033 nullus
485 2992 525 3032 ex
546 2971 597 3031 his
605 3013 614 3046 ,
637 2989 715 3051 quos
737 2969 822 3047 legis,
844 2967 883 3030 de
895 2970 1127 3048 bonaeripserit.
1169 2970 1278 3031 Maxi·

126 3097 207 3138 ruam
228 3078 435 3138 auctoritatem
457 3076 485 3136 ei
507 3075 651 3136 Gauranos
673 3073 743 3157 (qui
766 3085 798 3134 ut
827 3084 895 3152 post
926 3069 1032 3132 divrtm
1053 3073 1278 3133 Humanarum

125 3177 367 3244 secundusiater
389 3178 521 3241 medicos
540 3180 705 3260 principes,
721 3179 765 3240 ita
785 3190 815 3239 te
836 3174 947 3256 maior)
961 3174 1277 3238 deditinsuislibris.

125 3286 164 3347 Et
184 3284 320 3362 prolecto
341 3304 422 3365 quae
439 3279 647 3361 impudentia,
676 3301 756 3362 quae
776 3278 963 3359 pervicacia,
982 3298 1063 3359 quae
1083 3275 1194 3339 frontis
1215 3275 1276 3339 du·

125 3387 228 3461 rities,
247 3387 328 3446 nitit
345 3387 384 3448 iis
405 3386 614 3447 voluminibus
635 3384 724 3464 argui
745 3404 851 3463 posse,
882 3402 962 3464 quae
983 3381 1042 3441 tibi
1073 3381 1173 3443 invisa
1191 3394 1276 3456 sunt,

125 3501 156 3550 et
176 3489 250 3569 quia
276 3490 397 3548 nullum
424 3509 459 3548 oa
487 3490 668 3566 allegantem
695 3485 815 3548 vidisti!
836 3521 879 3533 -
921 3483 999 3544 Cum
1032 3485 1197 3544 lousnnsst
1223 3483 1274 3543 Ia·

124 3610 266 3653 auersam
293 3590 327 3648 in
356 3609 413 3650 suo
443 3591 630 3650 catholicone
660 3600 688 3649 et
719 3590 862 3650 cartarius
890 3586 1048 3649 dumtaxat
1075 3587 1169 3666 legis,
1202 3585 1275 3647 ideo

124 3695 268 3768 thano,
291 3692 347 3774 qui
366 3692 576 3753 alletoritatem
597 3692 659 3752 illis
679 3690 827 3768 affirmat,
847 3686 1035 3752 credendum
1056 3707 1120 3747 uon
1141 3700 1196 3749 est.

207 3800 299 3858 Immo
318 3807 345 3856 et
363 3801 493 3877 princeps
512 3799 570 3876 ipss
591 3807 645 3856 etc.
668 3827 711 3839 -
754 3795 789 3854 ln
810 3792 956 3872 principis
973 3793 1150 3852 chnuusn
1172 3786 1269 3869 prima

122 3911 232 3981 quarto
254 3899 393 3961 citatione
422 3897 591 3959 mentitum*
612 3910 642 3959 te
665 3918 729 3959 esse
757 3896 923 3973 intelliget,
951 3893 1128 3975 quicunque
1155 3909 1275 3972 aequus

121 4021 225 4062 remim
247 4003 437 4064 existimator
455 4001 556 4063 animo
578 3999 730 4074 advertet,
751 3996 1026 4064 Arrcauuaminibi
1041 3993 1275 4056 advenientium

122 4103 301 4163 morborum
323 4124 473 4166 summam
495 4106 636 4184 nuspiam
658 4104 830 4183 scripsisse3
853 4121 960 4163 verum
973 4098 1273 4178 capitevariolarum

122 4201 220 4287 (quod
242 4224 402 4282 perperam
424 4203 609 4286 subticuisti)
631 4204 674 4264 ait
697 4205 778 4284 ipsas
800 4216 829 4265 et
845 4202 1003 4264 morbillos
1025 4199 1064 4262 de
1081 4220 1204 4262 summa
1218 4197 1277 4260 ad·

121 4305 310 4368 venientium
338 4307 532 4385 simpliciter,
560 4324 621 4368 non
654 4328 693 4368 ax
723 4307 902 4369 alterations
926 4304 1020 4379 a‘e‘ris,
1056 4316 1111 4365 aut
1140 4303 1278 4371 verbum
