2806 4800
657 246 733 317 302

142 455 236 518 quam
255 431 406 517 exquisita
426 453 580 495 evacuare.
621 430 691 507 Qua
714 430 753 495 do
774 453 808 493 rs
828 431 971 494 sirtsuem
983 432 1099 510 aegroti
1117 431 1279 514 ipsiusque

142 539 381 621 complexionem
401 539 434 598 in
455 537 564 619 primis
592 533 754 616 diligenter
781 535 969 597 excutiamus
997 536 1279 617 examinemusque,

142 659 258 708 utnon
278 641 369 705 modo
389 643 455 704 eius
474 642 581 716 saluti,
603 661 682 724 quse
701 638 772 702 lidai
792 651 913 701 nasum
932 635 1045 700 medita
1064 650 1126 714 est,
1146 637 1198 700 oed
1219 641 1278 701 lio-

143 749 211 813 nori
231 768 357 832 quoquc
378 760 481 810 nostro
500 764 559 828 pro
579 746 664 809 virili
682 757 768 826 parta
787 748 1010 818 consultamus,
1040 763 1110 804 mm
1137 744 1279 825 plerique

144 852 256 914 honori
277 863 383 914 nostro
404 847 579 913 detrahunt.

586 1073 641 1144 Ad
665 1072 832 1146 lectorem.

226 1232 345 1296 Salvete
373 1232 499 1301 lectores
530 1225 749 1293 candidissimi!
781 1226 925 1313 (salvate,
944 1224 1101 1312 iuquaml)
1137 1226 1203 1306 Ego
1226 1246 1281 1289 vos

141 1356 247 1398 omnes
264 1337 396 1399 monitos
416 1335 526 1410 velim,
546 1353 610 1416 quo
630 1345 719 1413 pacto
742 1346 880 1395 noenum
901 1332 1077 1396 vaticinium
1106 1351 1281 1413 posueram.

139 1437 247 1514 Posui,
267 1450 302 1500 ut
320 1439 528 1499 Proiciamus
558 1435 592 1495 iu
613 1435 798 1520 cantiloquio
814 1436 1024 1517 propositione
1045 1435 1105 1495 Xll
1126 1431 1214 1495 docet
1233 1430 1282 1494 di·

142 1560 226 1601 cens:
256 1539 317 1616 „ln
338 1538 480 1603 omuibus
501 1537 564 1601 tuis
583 1534 703 1615 iudiciic
732 1535 944 1601 indifferenter
969 1559 1040 1619 age,
1069 1534 1284 1599 indifferenter

141 1640 257 1721 iudics3
274 1656 303 1706 et
325 1642 426 1723 prima
446 1640 655 1723 propositione
669 1642 838 1721 reprobans
860 1661 922 1717 eos,
942 1641 998 1723 qui
1017 1651 1137 1721 ponunt
1158 1640 1285 1701 fatalem

141 1746 345 1809 necessitatem
365 1744 398 1806 in
419 1757 514 1823 astra,
533 1745 672 1825 planetae
691 1744 773 1805 enim
795 1763 858 1805 non
882 1745 1077 1823 necessitant,
1106 1740 1160 1806 sed
1192 1743 1284 1805 incli-

140 1860 215 1910 nant
235 1860 265 1910 et
285 1845 471 1929 disponunt,
490 1845 602 1911 iudicia
622 1847 714 1909 ctiam
734 1861 886 1911 astrorum
907 1858 978 1910 sunt
997 1844 1098 1909 media
1122 1846 1204 1908 inter
1228 1868 1284 1907 ne·

141 1950 303 2013 cestarium
324 1961 354 2011 et
380 1949 582 2030 contingens.”
629 1948 755 2029 Nullam
788 1970 859 2029 ergo
888 1948 1092 2011 necessitatem
1124 1950 1157 2010 in
1186 1949 1283 2010 stellis

141 2074 225 2137 pono
254 2065 284 2114 et
310 2053 423 2128 iatum,
458 2049 717 2139 quemadmodum
747 2073 853 2115 omnes
879 2053 1014 2133 theologi
1043 2066 1073 2116 et
1100 2054 1281 2136 philosophi

142 2179 232 2220 sanae
251 2155 360 2217 mentis
369 2198 379 2229 ,
398 2156 532 2236 reprobo
557 2168 588 2218 at
607 2154 775 2219 condemno
796 2176 865 2219 cum
882 2153 996 2220 Omorc
1017 2156 1052 2217 in
1070 2157 1153 2219 libro
1175 2153 1212 2217 de
1226 2178 1281 2218 ve-

141 2263 206 2323 tula
225 2260 267 2322 sic
288 2257 416 2345 dicente:
446 2259 523 2334 „Est
544 2261 663 2322 fatuum
684 2261 782 2323 fatum
803 2259 880 2323 fatui
909 2261 965 2343 qui
995 2261 1056 2323 lala
1084 2264 1284 2344 sequuntur.’'

143 2361 204 2426 Sed
225 2361 293 2423 latia
313 2362 449 2441 agimur,
469 2359 597 2440 credite,
619 2363 706 2439 vatis,
726 2361 804 2427 idest
825 2362 875 2425 dei
887 2365 997 2445 optimi
1016 2365 1206 2447 maximique
1226 2387 1280 2428 vo·

142 2469 260 2529 luntate
282 2463 431 2526 ducimur.
474 2464 512 2525 Et
532 2476 565 2524 ut
586 2465 683 2526 tutius
707 2466 985 2547 sirperstitioscrum
1007 2467 1201 2550 quorundam
1222 2470 1277 2529 ho·

143 2569 262 2632 minum
282 2565 503 2631 cavillationem
531 2550 771 2648 subterlugiam,
792 2567 875 2630 haud
905 2573 992 2635 aliter
1020 2592 1209 2652 exposuero;
1229 2571 1282 2635 aad

143 2673 214 2756 quis
235 2685 370 2735 vestrum
381 2692 470 2733 aures
489 2672 582 2734 habet
602 2670 758 2763 audiendi,
777 2673 880 2737 audiat
902 2689 931 2739 et
952 2677 1101 2756 intelligat
1120 2681 1195 2740 haec
1214 2697 1282 2737 mea

144 2774 301 2853 vaticinia,
337 2771 421 2855 quod
442 2773 468 2835 ai
488 2773 634 2851 feceritis,
661 2795 725 2838 non
746 2774 891 2863 mediocri
913 2778 1000 2840 vobis
1030 2778 1188 2843 commodo
1214 2779 1281 2857 erit.

144 2878 225 2961 Nam
256 2873 402 2961 quicquid
430 2875 555 2938 infausti
582 2877 731 2959 futurum·
746 2893 808 2965 cst,
843 2879 875 2943 id
896 2879 1088 2961 providentia
1116 2880 1284 2966 aliquando

143 2981 241 3046 levius
261 2978 311 3059 fit3
331 2975 412 3040 uode
432 2979 657 3047 promamus:
686 2982 766 3059 „Vir
790 2984 910 3064 capiens
937 2982 1144 3048 dominabitur
1162 2986 1287 3061 astria”,

144 3088 205 3148 hoc
225 3095 284 3160 eat,
306 3082 362 3165 qui
382 3083 537 3165 stellarum
558 3083 668 3163 peritia
686 3087 841 3165 calluerit,
862 3109 967 3149 earum
988 3110 1112 3173 quoquc
1129 3087 1287 3161 influxum

144 3172 369 3272 aliquantulum
390 3186 486 3247 lenire
506 3188 635 3267 polerit:
663 3192 796 3271 optimus
818 3193 912 3270 enim,
946 3206 980 3256 ut
1000 3195 1043 3256 ait
1063 3197 1287 3275 Pronouucus,

145 3291 314 3368 astrologus
326 3290 457 3349 multum
467 3291 581 3350 malum
595 3292 760 3370 prohibere
773 3307 881 3375 potest,
904 3294 988 3378 quod
1003 3295 1168 3361 secundum
1183 3303 1286 3363 stellas

146 3402 311 3455 venturum
332 3404 392 3471 eat,
411 3392 454 3452 sic
475 3391 556 3452 enim
580 3395 771 3472 praemuniat
799 3417 886 3473 eum,
914 3399 963 3460 cui
994 3403 1110 3464 malum
1147 3400 1286 3465 futurum

148 3505 202 3567 est,
224 3506 271 3568 ut,
293 3513 362 3555 cum
385 3495 517 3571 venerit,
539 3492 617 3557 illud
637 3497 702 3578 pati
716 3498 821 3577 possit.
869 3500 935 3563 Vos
951 3501 1055 3585 itaque
1076 3504 1154 3566 bene
1176 3506 1285 3578 valete,

147 3594 394 3677 perspicacissimi
413 3597 548 3674 lectores,
571 3609 600 3658 et
613 3599 696 3659 hunc
721 3613 859 3663 nostrum
880 3606 1078 3684 pronosticon
1103 3606 1284 3669 innocentis-

147 3701 259 3765 simum
287 3695 472 3776 delendatis,
498 3701 671 3764 humillime
701 3723 766 3766 oro.
818 3705 932 3769 Datum
952 3707 1062 3770 Ulmae
1080 3730 1162 3771 anno
1182 3706 1279 3771 salutis

148 3806 238 3867 MDl.
259 3803 300 3866 lll
318 3800 391 3866 Idus
411 3802 606 3868 Novembris.
639 3886 641 3891 A
698 3850 701 3855 -
929 3886 931 3891 Ι
1185 3872 1188 3877 ,

216 3903 323 3979 ‚Orco
345 3907 435 3969 Rsur
456 3908 567 3971 artium
588 3921 618 3972 et
634 3907 852 3972 medicinarum
874 3894 995 3991 doctor,
1015 3909 1208 3981 dominorum
1226 3914 1286 3979 Ul·

150 4009 299 4071 menaium
320 4012 476 4092 physicus.

235 4112 415 4191 lurpressum
433 4135 492 4194 per
512 4135 561 4175 me
583 4116 748 4205 Hruurcoru
768 4100 867 4193 (inlu,
887 4116 984 4179 civem
1004 4119 1045 4194 in,
1058 4119 1215 4203 imperiali
1235 4137 1290 4196 op·

151 4206 224 4288 pido
245 4211 410 4292 Hagenaw,
432 4235 512 4277 anuo
535 4228 723 4301 praenotato.
