2806 4800
669 216 744 291 180

124 407 264 488 opposita
285 427 361 483 esse;
383 402 510 488 qtrando
527 406 704 485 praesertim
725 404 817 466 matis
838 403 952 483 inepte,
976 402 1157 464 inconcinne
1176 417 1275 486 atque

125 507 319 590 lalse‚⁴quod
339 506 589 571 adversos-illam
611 506 904 588 oonqsrisiverimus,
924 505 1050 567 nomina
1068 505 1273 587 antiquorum

123 609 320 683 medicorum,
343 608 457 688 quibus
475 627 530 668 nec
551 605 732 680 docendum,
752 626 808 665 nec
829 603 1007 668 discendum
1029 607 1079 682 sit,
1100 610 1191 670 nobis
1213 610 1275 670 int·

123 716 243 796 ponit..
269 711 355 788 Quae
375 711 409 770 in
430 708 607 772 defensione
627 710 850 771 Leoniceniana
868 721 971 771 temen
993 706 1171 786 attulimus,
1192 720 1274 771 icum

122 832 379 896 supervacaneum
400 812 597 887 arbitramur,
616 825 753 891 repetere
776 812 929 872 inanimo
941 833 1004 873 non
1023 826 1096 890 est3.
1110 833 1274 877 monemus

122 929 239 991 tamen,
256 935 315 976 cnr
335 914 451 994 priscos
470 914 541 975 illos
561 914 796 975 ac=recentiores
823 911 958 976 medicos
990 936 1113 994 gmeoos
1143 918 1275 980 et'lati-

123 1037 180 1079 nos
201 1031 306 1079 contra
333 1017 556 1079 conclusionem
587 1017 720 1096 primam
747 1014 953 1093 adduximus,
985 1015 1162 1096 diligentins
1191 1020 1275 1100 legat

123 1133 218 1200 atque
237 1119 403 1179 accttralius
424 1121 573 1180 revolvat.
615 1115 676 1180 Sed
698 1138 777 1193 ctam,
798 1129 834 1178 ut
854 1117 952 1187 aiunt,
971 1119 1076 1179 omnia
1097 1119 1186 1196 bora,
1207 1122 1272 1182 into

123 1234 278 1284 momento
297 1221 406 1302 spretis
425 1233 456 1282 et
474 1221 761 1300 incontentia-quos
781 1231 884 1281 tamen
904 1221 1038 1281 maxime
1060 1219 1186 1299 debuit,
1217 1246 1274 1285 ex·

123 1325 343 1386 cellentissimis
363 1325 537 1386 auctoribus
558 1323 667 1402 cogitat
696 1336 725 1385 et
754 1323 787 1383 in
815 1344 938 1384 arenam
967 1325 1127 1386 nobiscum
1148 1325 1274 1401 accedit,

123 1428 242 1489 facilins
263 1438 385 1490 corrsrat
403 1447 523 1490 necesse
544 1439 604 1489 est:
636 1445 731 1506 porro
758 1446 829 1486 cum
857 1425 890 1486 in
910 1426 1114 1489 Leomcennn
1135 1440 1198 1490 tam
1220 1449 1276 1491 ve·

122 1545 203 1594 teres
227 1553 321 1612 quam
343 1530 527 1593 recentiores
547 1550 604 1611 per
624 1529 799 1592 instantiam
828 1541 932 1591 contra
953 1531 1049 1601 totam
1068 1533 1275 1595 falsam-satis

122 1632 373 1695 irrationabiliter
392 1634 539 1709 atlnlerit,
558 1629 785 1694 aestimandum
803 1645 863 1708 est,
883 1652 964 1708 eum,
985 1646 1018 1695 ut
1029 1637 1200 1718 'quemque'
1217 1653 1277 1698 ro·
1341 1619 1344 1639 ¹

124 1740 236 1798 lentem
258 1736 317 1796 lroc
333 1731 534 1798 concludendi
554 1755 665 1814 genere
680 1734 726 1796 uti
746 1746 877 1814 oportet,
898 1737 1144 1816 omneslegisse,
1167 1757 1275 1798 omues

124 1839 303 1900 intellixisse
322 1850 351 1900 et
373 1836 488 1917 pariter
506 1857 611 1900 omnes
632 1836 727 1898 menti
750 1848 883 1914 tenere,
897 1836 990 1918 qnod.
1003 1835 1043 1900 de
1070 1840 1108 1901 iis
1130 1840 1277 1914 maxime,

125 1963 215 2026 qnos·
233 1964 296 2004 non
320 1938 489 2017 iubentus,
514 1962 592 2003 ¹uere
629 1937 729 2003 dicere
760 1939 844 2001 ltattd
874 1940 993 2019 potnit:
1028 1939 1066 2002 de
1098 1943 1172 2004 aliis
1201 1962 1276 2005 vero

128 2047 288 2130 utriusque
309 2047 432 2126 linguae
455 2043 597 2120 medicis,
618 2029 777 2127 tamquam
799 2043 831 2102 in
852 2043 976 2103 nomine
997 2063 1060 2104 non
1082 2043 1122 2104 sit
1139 2057 1194 2106 aun
1216 2048 1277 2106 sel·

128 2164 190 2214 tant
209 2149 477 2229 sibi‘inoognitue,
505 2148 540 2208 in
562 2141 760 2208 declaratorio
778 2146 977 2207 snonullnm
999 2146 1144 2207 hactenus
1156 2194 1159 2200 r
1171 2145 1277 2209 r'o'ddi·

127 2252 189 2329 dit,
221 2249 353 2332 qnod-si
369 2251 450 2310 intra
469 2268 583 2310 annum
607 2245 789 2324 reddiderit,
815 2246 998 2310 verificando
1018 2269 1091 2310 snae
1114 2249 1278 2313 instantiae

128 2358 160 2413 in
172 2355 192 2412 l.
200 2355 226 2413 ll
239 2372 365 2433 quoque
376 2352 557 2430 conceptae,
569 2349 789 2428 pmeiaoentem
801 2351 971 2412 latebimus
986 2348 1117 2429 digitum
1130 2353 1276 2416 continno

129 2455 242 2534 gratias
261 2454 315 2532 pio
335 2450 453 2513 medico
474 2452 596 2512 acturi·
624 2449 766 2514 Ceterum
787 2465 859 2532 post·
876 2452 963 2515 initis
984 2455 1079 2516 huius
1100 2452 1277 2518 declaratio·

130 2557 178 2617 uis
196 2554 323 2617 ntriose
351 2552 443 2613 nimis
470 2551 639 2613 sciscitatur
663 2574 684 2613 a·
703 2572 769 2628 me,
800 2553 827 2616 si
853 2555 966 2636 quovis
993 2555 1127 2634 capitulo
1153 2559 1278 2637 speciali

129 2669 184 2720 ant
203 2656 341 2738 speoilioo
372 2653 496 2717 nomine
522 2655 665 2718 morbum
688 2658 830 2735 gallicum
852 2658 997 2737 legerim,
1029 2659 1117 2739 atqui
1142 2661 1277 2740 oapit'nla

128 2762 177 2828 ab
190 2781 227 2822 eo
247 2758 420 2832 nominate,
450 2757 521 2819 licet
551 2777 711 2836 perperam
733 2757 761 2819 si
786 2772 994 2840 supputentur
1019 2757 1168 2840 demptis,
1194 2786 1277 2846 quse

129 2859 278 2938 adducere
298 2879 369 2920 eum
391 2855 507 2935 taedet,
528 2879 583 2921 sex
598 2861 806 2940 solemnem,
827 2864 972 2942 pauciora
992 2860 1077 2924 band
1099 2871 1207 2942 erunt,
1228 2888 1277 2931 ns·

130 2964 255 3026 serente
277 2981 314 3023 oo
343 2961 487 3023 morbum
514 2963 656 3041 gallicum
683 2983 765 3024 ntrno
796 2967 953 3044 pustulas,
971 2990 973 2995 ·
988 2987 1071 3028 nunc
1099 2969 1278 3046 anthimnta,

129 3069 203 3129 item
224 3065 383 3127 alhuntera
404 3063 614 3147 epidemialia,
644 3079 812 3149 posteaque
841 3071 1005 3132 collocante
1024 3067 1139 3152 'ipsum
1166 3084 1197 3132 et
1216 3073 1276 3132 sub

130 3169 251 3249 sapboti
266 3181 297 3231 et
307 3167 506 3247 elephantiasi
526 3180 620 3251 atque
642 3181 796 3249 postremo
809 3181 844 3231 nt
862 3171 979 3250 lepram
991 3187 1123 3238 curante.
1166 3170 1277 3235 Adhuc

131 3273 253 3333 misero
263 3268 311 3332 illi
331 3269 436 3354 quasi
441 3267 546 3353 thodi
573 3272 730 3357 exulanti
739 3272 883 3357 nullus
872 3293 905 3333 m
934 3277 1070 3354 catalogo
1099 3275 1274 3338 morborum

130 3373 215 3453 locus
238 3368 420 3434 conceditur.
464 3369 583 3457 Quod
573 3393 741 3473 insuper
726 3373 943 3479 Lnourcpno’
908 3376 1136 3477 ignorantiam
1165 3379 1278 3454 obiicit,

133 3483 167 3532 nt
188 3491 270 3532 mere
291 3470 456 3547 ridiculum
479 3486 654 3558 praelereo;
675 3475 701 3538 is
719 3462 802 3569 enim
820 3445 913 3575 stitis
901 3500 1084 3577 superque,
1104 3480 1179 3563 quid
1200 3483 1278 3543 silet

133 3573 214 3637 unde
228 3588 342 3637 constat
356 3566 481 3636 morb'us
493 3568 630 3654 gallicus,
653 3566 764 3655 novit,
771 3581 903 3644 nemine
911 3578 942 3641 in
959 3582 1020 3644 to't'n
1042 3584 1126 3646 ltalia
1141 3585 1279 3644 omniunt

132 3681 282 3740 bonarnnt
302 3677 415 3739 artium
435 3678 559 3738 altimea
587 3679 678 3740 alias
690 3677 911 3760 dismepanle,
924 3695 968 3743 et
974 3703 1058 3763 qna
1075 3685 1174 3744 estin
1196 3698 1279 3745 utra·

133 3803 195 3866 qne
212 3781 369 3861 lingueret
383 3776 510 3840 {dicendi
522 3793 561 3842 st·
574 3779 770 3859 intelligendi}
777 3783 947 3844 subtilitate
967 3802 1031 3843 non
1046 3783 1279 3862 effugienquin

132 3885 192 3947 sibi
211 3879 380 3965 aliqnando
401 3878 599 3962 respondebit
627 3883 801 3964 scriptoque
829 3903 885 3944 sua
914 3884 957 3944 ita
988 3883 1139 3958 lirnmbit,
1172 3895 1204 3943 nt
1224 3904 1279 3949 nec

133 3983 321 4061 declarator,
333 3984 562 4065 neopanlnlnnt
580 4005 617 4047 eo
639 3982 758 4062 doctior
771 3985 911 4046 refellere
924 3986 1045 4064 poterit.
1062 4023 1065 4042 ,·
1090 3985 1278 4052 Continuam

132 4086 260 4164 insuper
280 4087 682 4173 tusculesm2num÷›(vo'co
702 4107 806 4164 eitam,
828 4107 891 4149 non
911 4085 996 4170 qnod
1016 4090 1203 4168 cogitaverit,
1224 4090 1276 4153 sed

134 4185 221 4271 'quod
247 4188 281 4248 in
306 4190 679 4274 ·tpmm·5ss'=·qnsm···nos
707 4192 778 4270 plue
806 4189 938 4273 invehit)
970 4192 1203 4273 aliquanunuba
1229 4213 1275 4254 me

134 4288 478 4371 docet‚q1ns(aemn
501 4291 610 4381 fateor)
631 4290 770 4356 nondum
791 4291 964 4357 didiceram.
1013 4297 1053 4358 At
1076 4318 1154 4358 vero
1171 4317 1208 4358 ne
1230 4298 1277 4357 in·
