2806 4800
654 203 728 275 120

123 389 381 456 abundantissime
402 385 634 466 advenientibus
660 388 695 451 fit
708 385 867 471 quaedam
895 387 1059 457 virulentia
1090 386 1204 449 foetida
1225 391 1268 450 ob

122 493 323 570 negligentem
363 493 511 564 calorem,
555 489 644 571 quasi
681 487 908 568 desperantem·
927 487 964 549 de
1007 490 1063 549 hac
1099 487 1267 567 digerenda

122 594 257 656 materia.

404 754 608 855 Quomodo
637 799 685 840 ex
716 735 981 841 melancholia.
1031 842 1034 847 ‚
1100 838 1104 857 ,Ι

208 901 243 969 si
262 912 363 963 sutem
384 903 455 979 plus
475 900 569 963 fuerit
591 897 629 961 de
658 897 875 961 melancholico
896 896 1044 969 humore,
1075 914 1170 975 quam
1197 917 1268 967 san·

123 1002 403 1083 guinis,·pustulae
424 1003 588 1082 pupillares
610 1015 682 1064 sunt
702 1000 858 1074 duriores,
879 1000 950 1077 plus
969 998 1199 1060 comestivaeet
1216 1021 1268 1061 ro·

124 1102 246 1178 dentes,
275 1104 335 1165 nisi
357 1105 490 1167 viscosus
510 1102 637 1186 quidam
659 1105 771 1165 humor
792 1101 1015 1181 phlegmaticus
1035 1101 1075 1164 sit
1095 1101 1268 1177 immixtus,

124 1203 179 1285 qui
200 1205 377 1285 prohiberet
396 1219 458 1268 tam
479 1205 612 1268 validam
634 1204 842 1285 impressionis
861 1203 1028 1266 saevitiem.
1070 1204 1174 1266 Maior
1193 1224 1268 1269 vero

124 1307 155 1368 fu
178 1308 338 1384 ulceratio,
360 1320 476 1390 quanto
496 1305 616 1371 adustio
637 1309 677 1371 sit
698 1308 815 1371 sortior.

432 1490 627 1567 Quomodo
658 1516 705 1557 ex
734 1495 960 1575 phlegmate.

209 1613 270 1688 Fit,
290 1626 324 1676 ut
343 1613 512 1693 phlegmati
532 1634 658 1695 aquoso,
680 1611 847 1682 admodum
867 1614 962 1688 tenui,
983 1609 1067 1694 quod
1081 1610 1267 1692 indigestum

125 1724 233 1774 natura
254 1711 396 1795 despicit,
428 1713 547 1796 aliquid
575 1712 700 1780 adustae
721 1716 837 1777 colerae
865 1727 929 1776 aut>
946 1714 1178 1790 melancholiae,
1203 1734 1267 1775 non

126 1800 251 1894 quidem
272 1818 304 1880 in
326 1818 434 1879 ultimo
456 1817 640 1891 adutationis,
660 1817 885 1896 permiscentur,
907 1817 993 1878 cuius
1013 1817 1110 1894 gratia
1131 1818 1268 1896 exsurgit

124 1919 268 1997 phlegma
292 1919 443 1983 nitrosum
464 1933 517 1981 aut
537 1921 662 1997 salumn,
683 1916 768 1999 quod
782 1919 924 1997 sanguini
946 1920 1144 1985 commixtum
1165 1919 1268 1997 ipsum

124 2022 302 2098 sanguinem
323 2036 449 2085 naturae
471 2020 611 2085 odiosum
636 2019 748 2097 reddit,
769 2042 872 2102 quem,
894 2034 1040 2104 tanquam
1052 2023 1269 2100 perniciosum,
1328 2091 1337 2104 .

124 2135 233 2184 natura
252 2137 388 2204 segregat
409 2147 465 2205 per
486 2147 570 2201 eam,
592 2137 626 2184 ιιι
645 2124 749 2202 prius,
769 2124 943 2201 regionem,
963 2121 1102 2185 videlicet
1123 2124 1198 2205 cutis
1218 2123 1267 2185 fo-

124 2226 250 2284 ramina.
294 2228 352 2286 Hic
372 2229 494 2299 humor,
515 2223 611 2285 fluido
632 2226 806 2302 phlegmate
828 2223 978 2307 liquidior
991 2225 1097 2302 factus,
1118 2245 1181 2286 nou
1197 2227 1268 2289 facit

126 2324 278 2399 duritiem,
300 2346 400 2407 neque
422 2325 657 2408 prominentiam
677 2345 816 2402 magnam
834 2339 961 2406 propter
978 2324 1161 2404 humidum,
1181 2327 1266 2410 quod

125 2427 305 2488 terminatur
327 2429 446 2502 alieno,
468 2447 530 2490 uon
551 2425 679 2504 proprio
700 2428 849 2502 termino,
870 2426 923 2488 sed
945 2448 1059 2490 escaras
1079 2441 1133 2490 aut
1153 2444 1268 2505 crustas

126 2526 231 2608 (modo
252 2528 400 2612 loquendi
421 2527 622 2612 medicorum)
643 2529 759 2591 coniicit
781 2532 906 2610 amplas,
922 2534 1072 2601 ulcerosas
1095 2535 1268 2617 cumflvirue

125 2631 218 2692 lautia
249 2631 382 2715 quadam
416 2631 524 2709 foeda,
555 2633 726 2705 corrosivas
754 2634 852 2712 magis
882 2637 933 2696 vel
967 2636 1080 2708 minus
1100 2635 1266 2698 secundum

125 2735 319 2798 intensiorem
342 2738 391 2796 vel
412 2734 615 2797 remissiorem
637 2732 761 2796 adustae
777 2737 894 2798 colerae
905 2736 1163 2800 commixtionem.
1203 2739 1267 2801 Ex·

125 2849 255 2912 surgunt
275 2835 313 2921 de
333 2838 394 2896 hoc
413 2858 522 2914 genere
542 2838 684 2916 pustulae
703 2839 865 2914 rubentes,
896 2837 1053 2900 tendentes
1081 2837 1119 2905 ad
1150 2840 1268 2907 albedi-

126 2957 206 3011 nem,
227 2937 255 2997 si
272 2938 416 3016 phlegma
437 2939 613 3015 sauguinem
638 2941 843 3019 superaverit:
870 2941 992 3003 siuihil
1011 2944 1165 3021 sanguinis
1180 2945 1268 3020 adsit,

126 3036 211 3101 vides
232 3051 345 3101 crustas
366 3039 466 3116 albas3
488 3059 556 3101 cum
581 3037 712 3119 quadam
735 3041 914 3116 citrinitata,
934 3041 961 3102 si
982 3046 1098 3106 colerae
1118 3048 1157 3108 sit
1179 3048 1269 3123 ustio,

126 3155 179 3204 aut
200 3143 446 3223 subnigrescunt,
465 3143 491 3204 si
512 3143 730 3214 melancholiae
751 3142 872 3216 adustio
893 3145 931 3205 sit
951 3145 1101 3211 immixta.

410 3331 620 3413 Detcausis
654 3330 985 3397 antecedentibus.

212 3447 380 3510 Causarum
402 3450 643 3515 antecedentium
671 3454 751 3519 ratio
778 3455 910 3515 habetur
939 3476 977 3516 ex
1004 3457 1097 3530 longa
1125 3453 1270 3528 temporis

126 3545 307 3609 habitudine
326 3549 495 3628 plurimum
516 3551 663 3628 humida,
693 3553 779 3614 ouius
800 3557 925 3632 gratia„
947 3556 1032 3616 factis
1061 3552 1165 3630 paucis
1186 3568 1270 3608 reso·

127 3651 310 3726 lotionibus,
337 3653 441 3731 plures
462 3653 607 3713 humores
628 3655 703 3714 mali
723 3668 793 3715 suut
815 3655 965 3734 congesti,
992 3652 1170 3732 praesertim
1195 3667 1269 3724 neg-

128 3757 204 3816 lecta
231 3751 333 3817 debita
364 3751 480 3829 diaeta„
512 3750 629 3814 dicente
663 3754 859 3816 Hrrrocas'sr.
888 3756 977 3818 tertio
1005 3749 1267 3832 aphorismorum:

128 3857 358 3919 constitutiones
388 3857 621 3931 aunisjomuino
653 3855 779 3940 quidem
800 3858 896 3919 siccae
913 3856 1101 3937 pluvialibus
1129 3864 1201 3914 sum
1221 3873 1270 3914 sa·

128 3961 246 4037 uiores;
276 3957 520 4033 consonaoffi'ad
541 3961 600 4021 hoc
619 3962 760 4027 Gaurano
793 3960 826 4021 in
847 3972 1021 4028 commento
1048 3953 1185 4020 eiusdem
1213 3955 1270 4015 hac
1331 4032 1337 4047 .

128 4062 292 4123 sententia:
314 4063 346 4123 iu
366 4062 450 4127 siccis
470 4062 659 4142 temporibus
680 4060 877 4125 liumiditates
899 4060 1063 4134 desiccant,
1095 4059 1128 4118 in
1149 4057 1270 4136 pluvia-

128 4161 210 4223 libus
231 4159 413 4242 adunantur,
434 4177 463 4227 et
484 4160 660 4244 putredines
681 4177 842 4243 augentur,
862 4166 889 4226 si
910 4184 972 4225 non
995 4159 1185 4244 quibuslibet
1206 4155 1270 4219 die·

130 4264 188 4327 bus
210 4266 604 4345 corpora,mtsndilicsntur;
644 4267 758 4337 balneis
779 4266 861 4331 enim
881 4286 943 4335 nou
956 4275 1184 4336 consumuntur,
1212 4260 1271 4321 uisi
