2806 4800
717 166 808 273 aa

180 387 221 448 ab
240 381 403 465 irroganda
423 381 613 462 ignorantiae
631 393 705 450 uota
726 381 759 443 in
779 381 864 446 viros
885 380 1004 459 doctos,
1023 403 1117 466 quam
1139 383 1178 444 ab
1199 382 1334 447 insimu-

180 485 273 573 lamlo
294 507 350 550 aas
364 483 570 567 suspicandus
589 485 785 561 abolitionis,
803 485 878 567 qui,
904 483 990 567 qood
1010 487 1120 562 sciam,
1149 478 1332 564 impiabant

180 589 337 653 consilium
357 607 519 670 utinquam
540 585 700 664 dedimus,
731 596 787 648 nec
808 599 854 649 tot
881 599 1182 669 tantosqueerrores
1209 589 1242 649 in
1259 602 1333 663 tna

180 688 279 751 duim
307 673 582 754 disseminavimua.
623 689 841 768 Aegrotantes
872 709 1017 771 quoque,
1052 690 1168 771 quibus
1198 702 1331 772 uterque

180 793 385 868 consulimus,
403 813 455 857 ¹an
478 792 543 853 eius
569 793 617 854 vel
639 805 747 853 nostra
762 779 911 873 opinione
931 792 1329 874 singularinouuuaquatu

180 891 359 969 abscedant,
381 891 416 953 in
434 889 551 954 iudicio
571 891 708 955 aliorum
723 892 776 954 sit..
905 904 907 907 ’

182 1034 399 1159 Cohrrelarii
414 1042 542 1160 ¹'primi
566 1040 829 1159 conclusionis
857 1040 1055 1151 secandae.
1093 1035 1328 1166 (Hospitii.)

182 1257 186 1261 .
244 1202 408 1287 ..Verbum
427 1199 507 1262 airis
528 1193 628 1282 (cuius
651 1198 782 1280 qualitas
802 1212 968 1280 temperata
996 1197 1055 1283 est)
1077 1196 1250 1265 atluronuit,
1265 1219 1332 1266 mos

181 1304 271 1367 illius.
297 1304 429 1377 liturae,
470 1300 556 1362 cuius
587 1299 620 1361 ia
652 1297 830 1363 defensioue
869 1301 1092 1362 Leoniceoiaua
1124 1300 1332 1377 meminimus,

181 1404 388 1480 ostendentes,
415 1411 517 1467 ao'rem
538 1423 593 1465 sua
614 1404 760 1485 qualitate
780 1401 903 1491 (utpote
925 1402 1008 1486 quod
1023 1426 1063 1466 ex
1082 1404 1240 1485 principiis
1264 1404 1331 1469 eius

181 1504 270 1590 lluit),
283 1503 476 1585 epilenticos
504 1506 629 1567 morbos
656 1503 742 1569 haud
762 1508 968 1584 concinnans,
999 1527 1068 1569 cum
1101 1507 1175 1569 alias
1197 1507 1234 1568 in
1259 1515 1331 1578 ae're

181 1629 257 1678 sano
280 1609 357 1671 foret
376 1626 599 1689 nonnunquam
620 1608 748 1670 morbus
768 1609 932 1689 pestilens,
956 1622 1094 1692 essetque
1116 1619 1240 1671 aer-res
1257 1631 1331 1677 con·

182 1712 276 1777 traria
299 1723 434 1773 naturae.
470 1709 568 1773 .Cum
598 1730 672 1774 vero
694 1711 865 1790 praefatum
897 1713 1026 1773 verbum
1051 1710 1218 1774 declarator
1238 1732 1330 1779 suum

181 1839 319 1881 errorem
339 1817 484 1880 confitens
504 1819 642 1880 consulto
673 1818 828 1896 omiserit,
854 1815 928 1882 cedo
957 1820 1022 1903 itti,
1056 1827 1120 1900 quo
1140 1817 1332 1898 ,compulisse

182 1943 255 1987 earm
276 1922 348 1986 satis
367 1920 520 2004 quaesisse
535 1921 657 1999 ¹gloriae
676 1920 755 1981 mihi
776 1932 855 1983 certe
875 1933 965 2003 puto:
987 1922 1093 1983 mirari
1114 1934 1221 2004 tamen:
1238 1921 1332 1998 subit,

182 2026 238 2107 qui
259 2027 390 2087 calorem
417 2030 510 2107 atque
540 2025 704 2086 humorem
721 2024 912 2104 praesertim
939 2025 1101 2086 sufficienti
1129 2045 1235 2087 causae
1266 2043 1331 2085 esse

183 2128 284 2193 morbi
304 2127 494 2206 gallici'siue
509 2128 636 2190 alterius
658 2124 826 2208 apidemiae
847 2139 960 2190 temere
978 2125 1090 2190 audeat
1112 2148 1246 2207 negare,
1261 2146 1330 2211 carna

183 2229 285 2308 primo
314 2227 353 2291 tle
381 2228 645 2306 complexionibus
677 2227 834 2289 volumine
865 2228 898 2288 iu
931 2249 1060 2313 corpore
1095 2229 1198 2310 quarti
1223 2228 1334 2311 'capitis

184 2331 327 2390 (incanus
348 2323 504 2406 iuspecto
525 2340 648 2389 asserat.
700 2326 845 2403 Nec,1.ut
874 2327 1046 2405 marcado,
1074 2330 1251 2392 obiecimus
1273 2350 1335 2398 true

183 2450 296 2511 quam,
316 2435 416 2491 a's'neur
437 2448 503 2489 rem
524 2447 586 2489 uon
607 2430 777 2494 naturalem
790 2449 873 2505 esse,
894 2427 1118 2510 quandoillud
1138 2433 1230 2494 nobis
1245 2428 1331 2499 traua
1365 2475 1368 2479 ›
1394 2505 1398 2514 ,

184 2533 284 2593 risum
296 2543 350 2596 ‚est
370 2532 434 2593 ullo
456 2531 618 2611 proposito.
634 2529 818 2608 oondrrcere,
838 2544 964 2614 verum,
994 2547 1088 2612 prout
1108 2545 1138 2595 et
1159 2535 1222 2598 iam
1242 2547 1333 2617 repe?

183 2636 327 2720 tivimus,
358 2641 459 2699 airam
481 2634 571 2697 scilic,
592 2645 626 2697 ut
646 2635 819 2697 ‚natrrmlem
837 2635 891 2697 'vel
910 2635 1017 2696 saltem
1037 2637 1188 2698 naturalia
1211 2657 1332 2701 conam·
1366 2654 1373 2674 ’

184 2750 305 2801 vantem
327 2759 382 2805 eata
403 2737 550 2819 qualitate
566 2739 720 2819 propria,
748 2760 836 2821 quaa
856 2750 1023 2818 temperata
1055 2752 1116 2814 est,
1147 2733 1330 2820 epidemiam

183 2861 245 2908 nou
257 2841 411 2903 :conlisere
429 2840 634 2918 asseruimus,
661 2839 793 2924 quodsi
815 2841 1051 2911 circumcurrens
1065 2848 1126 2902 aei·
1152 2843 1195 2904 sic
1222 2843 1330 2905 altere·

183 2958 235 3007 tur
247 2945 315 3029 ,aab
327 2927 497 3023 applicetur
519 2943 659 3023 corpori,
682 2955 716 3005 ut
735 2943 861 3005 morbos
880 2941 980 3021 pariat
1002 2940 1330 3022 eptdemicomubau·

179 3044 359 3115 „dictur-uel
378 3045 546 3109 contrarius
566 3057 693 3107 naturae
714 3046 763 3107 vel
785 3056 924 3107 exueret
943 3057 1064 3124 praeter
1083 3047 1180 3127 ipsam
1205 3049 1332 3113 omnino

185 3165 302 3238 neceas
321 3161 378 3226 est3
401 3148 605 3222 omne-enim,
626 3145 710 3229 quod
732 3148 968 3227 aegrotationem
982 3148 1160 3215 huiusmodi
1177 3149 1278 3228 afficit,
1293 3151 1330 3211 io

184 3255 244 3313 lroo
259 3263 494 3329 eorumgenere
516 3249 631 3312 medici,
641 3263 677 3312 ut
685 3251 735 3312 sic
752 3253 908 3314 collocant.
941 3253 1044 3314 Retro
1059 3266 1216 3333 praeterea
1227 3252 1332 3332 posuit

183 3352 360 3419 declarator·
371 3355 403 3416 iu
415 3354 609 3432 conclusione
627 3353 727 3432 prium
736 3355 957 3432 proprietatem
971 3356 1118 3417 occultam
1131 3353 1329 3428 substantiam

184 3456 279 3533 aerim
306 3476 387 3519 nuuc
409 3457 498 3536 quasi
518 3456 606 3517 iatius
627 3454 728 3533 statim
750 3457 865 3518 oblitus
887 3455 1080 3532 dictantem
1102 3453 1330 3537 dismsitioaem

184 3558 260 3626 coeli
272 3570 462 3621 essenorum
474 3559 576 3639 itaqua
597 3558 630 3619 iu
643 3558 752 3619 morbo
762 3559 871 3638 gallico
883 3556 960 3623 duae
972 3562 1173 3640 proprietates
1186 3557 1331 3632 occultae,

185 3679 265 3745 quae
283 3670 354 3721 sunt
375 3658 512 3735 activae,
528 3656 605 3732 dico,
626 3681 696 3722 uam
719 3674 795 3743 quot
819 3682 858 3723 ex
879 3673 965 3742 parte
984 3663 1098 3741 passini
1119 3658 1263 3743 principii
1282 3679 1333 3719 re·

183 3763 348 3848 quitantur
355 3805 365 3838 ,
395 3759 534 3823 nondum
554 3758 643 3851 discit.
658 3761 669 3773 “
687 3762 887 3843 Culpavimus
908 3775 1083 3845 quoquest
1111 3758 1195 3823 baud
1215 3760 1333 3826 iniuria

180 3862 310 3935 ¹modum
331 3861 498 3947 loquendi,
531 3884 593 3944 quo
628 3864 694 3946 ipse
714 3865 974 3948 qualitati-‚airis
993 3861 1090 3924 veluti
1120 3881 1177 3940 per
1205 3881 1237 3921 se
1258 3863 1333 3939 sub·

184 3966 399 4040 stauti„;cuius
420 3966 562 4045 propriae
584 3968 664 4030 actio
685 3979 748 4053 eat,
779 3967 904 4044 tribuit,
930 3963 1116 4037 capannore
1148 3959 1332 4042 epidemicos

183 4070 658 4150 mottbosratquopar'emnam
670 4069 936 4133 buiuslocutioais
956 4062 1083 4128 anodiam
1100 4065 1132 4125 io
1148 4064 1332 4143 eucharistia

184 4169 244 4241 sibi
266 4170 401 4248 theologi
421 4173 521 4237 solum
542 4184 699 4252 usurpant.
743 4169 803 4234 sat
824 4169 991 4233 declarator
1012 4167 1051 4231 de
1074 4188 1131 4230 suo
1152 4170 1273 4230 solvens
1291 4164 1331 4251 ati

185 4275 261 4344 haec
277 4271 454 4354 ampotrdits
482 4286 543 4351 nou
559 4279 698 4341 solemus
720 4272 897 4337 sacramenti
911 4270 1041 4340 maurim
1060 4272 1093 4332 in
1117 4270 1264 4337 medicina
1280 4271 1333 4331 al·
