2806 4800
702 215 774 285 166

151 427 257 491 ¹quam
279 401 467 468 consideravi
488 420 556 462 urm
578 398 680 462 studio
703 398 995 478 etperscrutations
1016 400 1202 495 vehementi,
1222 401 1316 461 etin-

164 512 322 572 veni'eam
344 518 455 569 certam
477 516 506 566 et
528 523 750 583 vcram‚.quae
773 502 958 590 conperit,
990 513 1020 562 et
1050 514 1095 565 est
1118 522 1185 578 res,
1218 521 1314 583 quam

163 616 347 681 invenerunt
376 607 522 685 astrologi
550 603 711 686 Aegyptii,
741 624 807 665 ecce
836 604 1046 682 astrologiam,
1084 604 1197 666 scilicet
1211 603 1316 686 ..qnod

64 716 67 721 ’
163 719 239 776 luna
257 710 405 792 significat
418 731 519 790 ,super
539 707 619 784 dies,
642 708 742 790 qualis
763 719 809 768 est
829 705 989 788 dispositio
1013 705 1148 766 hominis
1164 707 1198 769 in
1215 708 1317 786 aegri.

164 816 271 880 tudine
292 835 349 878 sus
369 825 423 874 etc.
473 812 572 873 Etiam
602 811 703 890 primo
732 809 770 870 de
793 811 917 890 ingenio
945 808 1081 870 sanitatis
1101 821 1207 869 contra
1228 810 1316 870 The-

165 921 269 979 sillum
297 915 398 978 voluit
427 914 527 989 enim,
571 910 721 974 medicum
755 932 817 973 nou
846 913 947 973 solum
977 910 1170 973 medicinalia
1191 932 1316 974 noscere

166 1020 292 1096 debere,
316 1016 369 1082 sed
391 1029 420 1078 et
441 1014 645 1090 dialecticam,
666 1013 898 1091 arithmeticam,
920 1014 1148 1091 astronomiam,
1168 1015 1265 1076 immo
1285 1027 1316 1077 et

166 1121 383 1205 quadruvium.
429 1120 470 1184 Et
489 1119 601 1181 iterum
623 1119 784 1178 Hactsans
805 1117 838 1177 in
860 1116 1013 1196 principio
1031 1117 1106 1177 libri
1126 1117 1191 1193 sui,
1219 1137 1316 1198 opor·

164 1240 229 1287 tere
246 1222 398 1286 medicum
418 1222 452 1282 in
471 1233 587 1300 septem
608 1220 725 1281 artibus
746 1219 926 1281 liberalibus
947 1219 1127 1298 magistrum
1148 1219 1232 1295 fore,
1260 1218 1316 1285 de·

165 1329 314 1391 cernebat.
358 1325 456 1387 Etiam
479 1324 637 1384 Avrcsnnn
657 1323 759 1401 primo
779 1319 928 1396 secunda,
962 1321 1017 1380 ubi
1037 1322 1168 1401 probat,
1197 1333 1315 1402 tempe-

165 1432 295 1493 rantiam
316 1428 395 1489 atiris
415 1429 481 1488 fore
499 1428 557 1487 sub
580 1437 744 1506 aequatura
767 1421 838 1495 disi,
859 1435 889 1483 et
911 1422 1069 1504 quomodo
1090 1424 1188 1484 maior
1209 1423 1315 1487 calidi·

165 1546 212 1594 tas
233 1545 282 1594 est.
296 1529 507 1592 habitantibus
528 1530 586 1592 sub
600 1528 734 1607 tropicis,
753 1545 848 1606 quam
869 1526 927 1586 sub
943 1524 1032 1588 nadis
1045 1527 1143 1588 librae
1160 1538 1189 1592 et
1202 1527 1316 1604 arietis,

165 1655 245 1716 quae
265 1631 376 1696 medici
393 1631 460 1693 sine
489 1631 674 1694 astronomia
702 1630 810 1710 utique
839 1647 902 1689 non
923 1629 1103 1708 intelligent.
1156 1631 1316 1699 Praeterea

164 1736 266 1815 prima
287 1733 389 1815 quarti
412 1734 544 1813 capituli)
566 1732 604 1794 de
626 1745 720 1812 peste,
742 1744 775 1793 ut
795 1732 894 1810 patuit
913 1745 993 1809 ante,
1017 1733 1169 1807 scribitur,
1190 1752 1229 1792 ex
1251 1733 1315 1803 for·

165 1835 225 1896 mis
241 1836 327 1912 cosli,
348 1837 516 1897 necessario
536 1835 716 1897 facientibus
738 1833 832 1909 illud,
848 1835 941 1914 pestis
963 1847 1112 1897 causatur.
1155 1834 1194 1894 Et
1207 1833 1316 1895 simili·

164 1951 216 1998 ter.
223 1937 324 2016 primo
336 1936 467 1999 canticas
489 1950 617 1998 tractatu
629 1935 762 2012 secundo
774 1938 932 1998 Avrcanun
948 1935 1036 1999 dicit:
1057 1936 1083 1997 si
1094 1937 1184 1997 etiam
1198 1937 1315 2012 stellae,

167 2060 247 2119 qttae
268 2037 412 2100 dicuntur
432 2039 621 2109 infortunae,
653 2040 768 2103 fuerint
796 2040 830 2100 in
852 2038 1036 2100 exaltatione
1064 2058 1136 2111 sna,
1164 2038 1316 2116 significae

166 2143 244 2203 bunt
266 2163 360 2222 super
383 2144 612 2221 corruptionem
634 2143 850 2216 animatorum.
891 2141 984 2210 *llaec
1013 2153 1044 2201 et
1064 2160 1158 2221 quam
1181 2141 1317 2220 plurima

167 2256 201 2302 tu
221 2244 276 2323 qui
295 2245 462 2324 praetante
479 2246 602 2306 laboras
622 2245 672 2304 vel
695 2243 751 2324 qui
772 2263 834 2303 nou
856 2245 947 2322 plane
970 2244 1134 2322 intelligis,
1155 2243 1316 2305 temerarie

96 2393 102 2405 .
165 2362 257 2404 ausus
280 2365 311 2405 es
333 2343 450 2422 dicere,
481 2347 668 2406 Avrcauuam
689 2364 751 2405 uon
775 2344 903 2405 verbum
925 2343 1108 2426 quidemdc
1130 2347 1316 2415 astronomia

165 2445 293 2508 hiscere.
337 2445 365 2512 0
389 2461 502 2530 quanta
524 2450 584 2512 viri
605 2446 741 2526 audacia,
763 2449 818 2530 qui
839 2469 902 2510 non
922 2447 1016 2511 modo
1037 2451 1112 2511 haec
1133 2447 1242 2526 dicere,
1262 2470 1314 2513 ve·

164 2569 234 2608 rum
256 2570 360 2629 pressa
388 2554 422 2614 in
451 2572 560 2614 manus
582 2552 720 2622 omnium
751 2549 870 2614 tradere
901 2555 1123 2632 praesumebat.
1166 2554 1204 2614 Et
1228 2565 1316 2621 ‚recte

164 2649 289 2731 quidem
316 2653 368 2712 ille
394 2653 622 2716 Alexandrinus
643 2675 736 2733 supra
765 2665 851 2716 sexto
878 2655 959 2716 libro
989 2653 1203 2734 epidimierum
1226 2652 1315 2717 dicit:

164 2752 292 2830 periodo
305 2774 438 2835 namque
461 2757 637 2817 coelestium
655 2774 816 2835 corporum
828 2755 1011 2818 ordinantur
1031 2770 1058 2818 et
1072 2769 1221 2836 reguntur
1238 2757 1314 2818 haec

163 2854 326 2930 iuferiora,
347 2853 479 2938 ideoque
500 2870 619 2935 oportet
649 2878 704 2919 nos
733 2857 771 2928 de
793 2861 842 2920 his
870 2861 1025 2922 scientiam
1056 2873 1167 2922 certam
1192 2860 1316 2936 babere,

164 2969 271 3019 utnon
283 2954 441 3018 videamur
453 2979 516 3020 esse
529 2960 645 3038 peiores
671 2961 880 3039 piscatoribus.
916 2961 977 3025 Sed
990 2961 1066 3045 quid
1078 2959 1193 3024 multa?
1214 2961 1315 3030 Nemo

163 3073 283 3137 pinaster
301 3075 332 3123 te
356 3057 423 3144 (tua
443 3066 550 3127 saltem
572 3061 733 3150 sententia)
756 3066 836 3146 sapit
856 3088 1004 3149 unquam.
1047 3070 1178 3133 Prrnun
1198 3090 1236 3130 mr
1252 3069 1316 3130 An·

162 3186 243 3231 nano
267 3167 356 3229 unico
376 3169 409 3229 in
431 3190 523 3249 passu
545 3193 667 3252 carpere
696 3171 835 3250 satagis„
856 3174 941 3236 cuius
972 3174 1086 3254 scripta
1118 3171 1218 3234 cuncti
1246 3192 1315 3232 cum

163 3264 362 3331 admiratione
382 3271 488 3349 legunt
517 3287 547 3336 et
576 3271 712 3337 laudant.
763 3275 820 3336 Vis
845 3274 1007 3340 emendare
1029 3297 1125 3339 unum
1146 3275 1316 3355 problema,

162 3386 234 3426 curu
255 3370 321 3447 ipse
342 3373 445 3432 omnia
465 3376 672 3441 Aursrurrcrs
694 3391 816 3455 praeter
830 3380 921 3446 etiarn
933 3392 1070 3442 nostram
1083 3376 1316 3455 intelligentiam

162 3467 274 3528 mirum
294 3472 325 3531 in
349 3470 472 3535 modurn
494 3477 710 3540 elucidaverit:
735 3502 844 3562 ,neque
869 3496 970 3544 tamen
984 3483 1044 3545 isto
1062 3485 1094 3545 in
1109 3503 1198 3561 passu
1212 3481 1315 3541 minus

163 3582 308 3633 consonat
332 3589 421 3645 vero,
452 3594 547 3655 qttam
563 3589 622 3649 ,tua
644 3579 759 3656 opinio.
802 3581 883 3644 Satis
901 3594 1045 3661 putamus
1066 3584 1157 3644 etiarn
1179 3583 1314 3660 peritum

163 3692 318 3754 quemque
338 3692 499 3751 agnoscere
520 3675 639 3739 medico
663 3678 770 3744 utilem
799 3693 830 3743 et
847 3681 1056 3745 necessariam
1083 3680 1313 3751 astronomiam,

163 3775 330 3839 necessario
352 3773 589 3840 conditionative
611 3775 708 3856 dictet
747 3791 782 3841 nt
802 3778 1032 3844 condistinctom
1063 3778 1196 3861 denique
1216 3777 1313 3840 scien-

162 3877 247 3954 tiam,
266 3899 327 3941 non
340 3890 374 3941 ut
390 3891 506 3958 partem
520 3881 610 3942 velo:
631 3881 727 3945 iurmo
738 3881 840 3957 etiam,
862 3894 896 3944 ut
909 3882 1109 3962 praemissum
1121 3893 1177 3959 est,
1197 3893 1313 3944 ceterae

163 3978 334 4043 conducunt
354 3993 444 4049 artes.
495 3983 655 4063 Avrcsurs
676 3995 780 4044 autem
800 3996 906 4047 nomer
927 3980 1059 4046 dixerit:
1082 3983 1167 4065 quod
1189 3986 1215 4047 si
1237 3983 1316 4066 quid

161 4076 300 4145 additum
332 4097 374 4146 est
408 4072 714 4166 incomprehensibile
744 4086 833 4147 iuxta
868 4084 1052 4149 sententiam
1084 4085 1245 4150 doctorum
1276 4085 1316 4149 de

163 4193 250 4260 parte
277 4181 461 4260 medicinae,
483 4186 663 4264 ¹intelligere
696 4184 846 4262 debuisti„
883 4185 1032 4268 quoniam
1059 4189 1091 4249 iu
1125 4188 1314 4251 medicorum

162 4283 249 4345 libris
271 4286 486 4363 expriminon
513 4291 632 4368 potttit:
672 4287 733 4353 sed.
751 4287 939 4355 medicorum
960 4288 1089 4367 ingeniis
1114 4293 1187 4353 talia
1208 4291 1314 4353 relicta
