2806 4800
625 212 628 218 ’
667 207 740 278 201

129 409 256 460 sereret.
299 397 429 476 iusuper
450 387 970 473 nmium-·lrmcicum‚·quod·rdtee
989 392 1190 456 exanthiuta
1217 414 1274 475 po·

128 499 231 574 suerit,
254 517 336 558 nunc
352 517 392 556 ex
410 495 630 556 amiliacum
648 493 759 556 trabere
777 489 914 555 crudelia
928 489 1095 555 soeideutia
1104 506 1200 577 etqua
1212 494 1272 571 dii·

128 603 237 664 ficilem
251 620 354 662 curem
370 596 470 658 dicere
491 593 592 674 audet,
612 614 692 678 quae
704 593 800 658 letitie
816 592 955 677 quiden,
975 592 1150 657 ridiculus
1163 596 1273 658 frivola

129 701 365 764 declarationem
384 706 458 758 uam
472 699 592 758 nullutn
606 697 640 757 in
655 697 831 759 vernalibus
844 692 1027 758 huiuamodi
1040 696 1274 760 etttorttiaaitm

130 802 247 863 doloris
270 800 685 878 contimtum-augmentum,
702 800 807 863 nuilus
828 798 993 862 ctrmtionis
1013 811 1154 876 cautae,
1174 821 1275 883 oeque

132 905 213 965 eninr
228 902 361 964 sonticus
372 902 497 969 morbus
507 913 562 977 eat,
576 897 630 963 sed
642 913 677 964 ut
688 913 798 981 sporta
811 899 950 975 tenuia
966 912 998 964 et
1009 921 1121 983 cerpus
1130 923 1274 967 mann·

132 1027 224 1086 quam
251 1027 269 1067 a
290 1004 552 1086 superfluitatibus
564 1004 644 1068 'satis
664 1004 791 1068 utiliter.
808 1000 970 1083 pergendo
995 1003 1083 1067 facile
1100 1006 1272 1068 abolense.

128 1108 423 1173 Posteadcclaratar
442 1109 555 1188 plausu
576 1107 713 1169 maxiem
733 1118 880 1188 nuquam
905 1102 1064 1168 dormtum
1088 1126 1201 1189 epten
1221 1128 1273 1169 rs·

128 1223 217 1274 nette
237 1224 267 1274 ct
288 1211 444 1286 amnibus,
464 1231 520 1272 ceu
540 1209 630 1271 noxii
648 1210 767 1284 solent,
786 1207 867 1271 atet
885 1218 953 1287 post
972 1218 1057 1288 terga
1075 1207 1221 1272 meam
1238 1231 1274 1272 ac

127 1314 239 1396 laqueo
254 1315 339 1376 eollo
358 1313 470 1376 iniecto
486 1313 641 1375 tuamne·
661 1312 782 1376 ebibit:
812 1329 877 1372 nott
898 1309 974 1375 uiis
993 1306 1190 1374 ΝΛΜ
1212 1308 1274 1372 dii·

126 1416 292 1480 titutionem
317 1417 437 1491 morbi,
465 1439 536 1479 msa
562 1413 639 1479 dicis
658 1437 731 1479 man
753 1413 986 1496 dispositionem
1008 1432 1074 1477 nott
1095 1415 1273 1477 munira

126 1519 249 1584 Grande
269 1519 396 1604 quidem
418 1521 530 1597 telum,
560 1519 709 1600 sipont
728 1517 900 1602 rctmqueri
921 1517 954 1579 in
973 1514 1105 1583 Meni
1132 1514 1196 1581 sed
1215 1517 1273 1579 ie·

126 1639 200 1681 num
220 1636 298 1685 earet
318 1623 475 1702 proiecto,
496 1623 541 1685 ita
559 1621 1038 1698 argumentaretur-Amemus
1059 1640 1114 1681 sex
1134 1631 1207 1680 strat
1223 1639 1273 1681 aua

125 1740 190 1781 non
210 1725 381 1797 naturales,
412 1740 570 1801 ergo‘non
590 1718 682 1785 detur
709 1721 833 1801 sanguis
864 1721 1094 1797 nonnaturalia,
1129 1721 1274 1799 phlegma

126 1841 190 1880 neo
212 1823 350 1891 nutrirale
376 1832 470 1902 atque
494 1823 612 1882 colerae
631 1842 695 1882 non
722 1823 884 1883 murata.
932 1822 971 1884 Et
990 1821 1065 1882 item
1093 1840 1167 1897 ergo
1196 1823 1273 1881 Arr-

127 1941 221 1982 omum
245 1919 423 1995 illo-modo3
444 1941 509 2002 quo
521 1932 551 1982 et
564 1939 638 1997 nos,‚
649 1919 820 1982 describens
835 1922 978 1982 morbum
992 1923 1043 1982 rel
1053 1919 1274 1997 aegritudinem

127 2025 207 2086 male
218 2021 323 2085 definit
334 2022 481 2103 2-primo‚
507 2019 602 2082 doctr.
613 2021 723 2102 prime,
738 2041 804 2100 cap.
817 2021 928 2099 primo,
950 2038 1048 2098 ceqrre
1061 2020 1275 2095 lmeclegentee

127 2125 262 2186 remitto.
303 2125 384 2188 Cum
403 2145 476 2186 vero
492 2124 612 2204 legibue
631 2135 786 2203 receptum
803 2123 853 2198 eit,
874 2125 923 2185 vel
944 2142 1007 2184 uno
1021 2119 1177 2182 trmndocio
1194 2122 1275 2183 testi·

128 2227 265 2287 monium
287 2226 589 2307 omnecotmtmpi,..
602 2225 635 2287 in
664 2245 728 2308 quo
751 2234 819 2287 utor
840 2221 880 2287 de
907 2222 1083 2287 definitione
1104 2222 1204 2286 morbi
1227 2225 1274 2287 si·

127 2330 192 2390 mul
212 2326 391 2395 disserentes
412 2331 525 2409 lapsus,
545 2329 693 2392 sententia
716 2347 810 2408 peaes
831 2346 888 2390 vos
906 2328 955 2392 sit.
971 2323 1151 2410 esetqea-
1163 2341 1272 2406 genere

126 2429 276 2493 vindictae
297 2433 499 2507 Amorraeus,
519 2431 545 2494 si
566 2432 606 2492 ab
626 2432 732 2495 inimic
750 2431 865 2496 rediret
882 2454 924 2496 ec·
938 2431 1142 2511 revivisceret,
1160 2435 1272 2518 scripta

125 2555 180 2595 sue
200 2555 234 2595 ec
256 2535 420 2599 sententies
451 2536 589 2626 ulturum
619 2532 801 2599 credemus?
840 2533 988 2611 Quinimo
1028 2533 1165 2600 definitio
1196 2540 1273 2621 ipsa,

126 2657 188 2718 qua
206 2634 316 2698 dicitur
336 2638 480 2712 morbus,
502 2649 546 2701 est
569 2635 734 2719 dispositio,
747 2652 877 2719 ‘praeter
902 2652 1044 2702 naturam
1073 2641 1272 2708 essentialiter

125 2737 246 2800 laedens
269 2741 477 2820 operationes,
500 2743 659 2820 nugatoria
681 2753 746 2819 est3
769 2763 865 2803 umun
887 2743 1004 2823 quippe
1026 2752 1056 2800 et
1075 2739 1156 2802 idem
1178 2745 1272 2812 itutti·

124 2841 194 2902 liter
214 2845 377 2921 repetitur,
407 2843 573 2906 essentialis
593 2865 727 2930 namque
749 2845 842 2907 laesio
865 2844 1077 2926 operationum
1108 2858 1138 2907 et
1169 2847 1273 2931 dispo·

124 2947 194 3008 sitio
215 2961 300 3018 extre
323 2962 460 3012 naturam
481 2948 721 3031 timpanum,
742 2969 797 3037 neo
818 2949 908 3011 etiarn
923 2951 965 3010 ob
987 2947 1119 3007 illorum>
1135 2965 1271 3010 mutuam

124 3052 406 3127 convertibilitatem
438 3050 576 3138 delinitio
601 3067 674 3117 tunc
704 3071 760 3128 per
786 3070 881 3128 genus
911 3044 1116 3106 conficeretur.
1167 3048 1273 3110 Minus

124 3175 195 3233 ergo
217 3157 388 3234 plausibilis
410 3175 510 3235 neque
531 3153 702 3212 imitatione
731 3146 823 3225 digna
844 3159 899 3207 est.
919 3155 1023 3203 contre
1055 3161 1111 3227 nos
1136 3163 1191 3205 sua
1217 3149 1273 3207 ob·

123 3256 221 3329 iectio,
241 3256 293 3316 sed
316 3246 452 3334 profecto
475 3251 596 3323 frivola,
617 3246 789 3319 temeraria,
811 3242 941 3306 crudelis
958 3262 992 3302 oc
1014 3262 1153 3304 errorum
1172 3248 1272 3327 pleno,

124 3353 416 3418 ostendens‘vitium
439 3349 620 3414 eruditionis
642 3368 720 3420 esse,
752 3346 835 3430 quod
866 3346 1030 3410 memoriae
1060 3351 1189 3416 antehac
1207 3375 1271 3418 cre·

125 3456 273 3545 diderim‚
309 3452 473 3534 praecipue
502 3449 626 3534 qrraado
656 3449 799 3513 morbum
827 3451 986 3533 gallicum,
1021 3452 1077 3537 qui
1105 3459 1271 3525 essentialis

123 3560 217 3623 laceio
238 3570 299 3634 est,
319 3558 448 3621 asseruit
469 3553 570 3623 media
590 3553 777 3638 proprietate
804 3558 919 3621 occulta
949 3557 1076 3624 loedere.
1128 3563 1270 3630 Atteudnt

123 3685 248 3748 quoque
268 3663 467 3744 philosophie
490 3659 523 3747 (a
555 3684 617 3744 qua
640 3658 789 3725 medicina
815 3662 969 3745 :principia
993 3664 1111 3751 haurit)
1139 3689 1200 3729 non
1223 3692 1270 3733 se·

125 3768 212 3844 draci,
232 3765 285 3830 aed
308 3763 412 3848 perfici
434 3763 567 3829 medicos
589 3765 707 3841 initis,
729 3767 842 3847 quibus
864 3765 902 3829 ad
924 3767 1142 3832 conciliandam
1163 3791 1269 3848 aegro·

126 3871 163 3930 tis
183 3871 341 3933 sanitatem
363 3881 500 3932 utuntur.
543 3871 655 3932 Iterum
667 3867 814 3944 advertat,
837 3871 1103 3936 contradictionem
1120 3873 1269 3955 claudere,

127 3969 260 4048 aliquem
281 3971 434 4033 scientiam
451 3971 541 4035 alteri
560 3993 623 4034 esse
644 3973 883 4035 subalternatam
911 3989 940 4038 et
961 3975 1163 4038 nihilominus
1184 3980 1270 4058 prin·

128 4070 207 4150 cipia
224 4073 351 4150 ‚propria
372 4075 501 4152 hebere;
533 4071 616 4155 quod
638 4075 721 4136 enim
742 4097 798 4156 per
821 4078 961 4138 natricem
989 4076 1147 4158 propriam
1176 4082 1268 4145 lrabct

127 4170 259 4252 aliquid,
291 4173 414 4258 aliunde
433 4197 504 4242 uon
525 4179 647 4259 recipit3
684 4179 768 4262 quod
798 4195 900 4244 autem
928 4182 1096 4263 superioris
1127 4184 1268 4246 scientiae

127 4271 333 4337 conclusiones
349 4275 532 4354 accipientur
553 4293 586 4342 ut
606 4281 756 4360 principio
776 4284 998 4347 subalternatae
1017 4281 1057 4346 ad
1079 4304 1181 4347 veram
1195 4284 1268 4345 sub-
