2806 4800
672 241 743 317 103

135 449 206 491 nem
226 427 336 491 fortem
351 425 390 488 -in
412 425 456 488 eia
474 424 594 487 laetam.
646 422 737 507 Unde
756 425 859 489 forsan
881 425 925 501 lit,
946 425 1032 510 quod
1046 410 1277 510 praececepti-

133 531 180 593 sio
200 529 234 591 in
262 527 420 610 plerisque
442 525 583 607 primum
607 525 653 589 ibi
666 527 866 591 manifestari
893 531 980 597 solet.
1030 529 1276 609 Verumtamen
1308 560 1311 565 ·

134 646 197 710 est,
230 627 316 714 quod
335 629 371 690 in
389 627 559 692 iuvenibus:
574 639 605 693 et
623 627 733 709 primis
752 629 875 693 senibus
894 629 1001 705 ofioaie
1022 640 1052 695 et
1071 651 1174 710 grosse
1186 628 1276 711 dito·

132 736 203 798 tatis
223 745 317 813 atque
337 725 379 799 ad
394 748 525 795 venerea
543 729 689 806 assuetis,
715 726 791 795 dum
811 729 864 793 liat
883 733 951 811 lege
971 732 1187 812 permittente,¹
1211 753 1274 797 non

132 833 325 901 interdicitur
339 833 488 910 omnino,
510 833 605 897 factm
631 834 744 899 scilicet
764 833 946 913 documento
968 837 1101 905 thmru
1128 837 1162 903 iu
1183 838 1274 905 tertio.

132 938 235 1018 tegni,
262 947 355 1016 puta,
382 931 467 1017 quod
486 933 540 997 liat
564 955 693 1016 corpora
718 957 782 1001 non
813 937 905 1001 nimis
935 940 1068 1019 repleto,
1098 958 1154 1001 uec
1183 940 1275 1005 nimia

132 1039 259 1117 inanito,
280 1040 420 1109 attentis
440 1039 622 1118 intervallis,
642 1026 730 1105 utin
752 1040 857 1105 usibus
878 1042 944 1117 eius
956 1062 1078 1124 ,corpus
1098 1039 1292 1124 omotario-¹

132 1165 203 1205 ιιιιιι
224 1141 350 1206 minima
371 1141 499 1218 sentiat,
518 1139 573 1204 sed
589 1142 694 1215 levius
713 1163 747 1205 se
766 1143 836 1223 ipso
856 1155 887 1208 ct
906 1144 1016 1219 melius
1043 1142 1197 1207 dormiens
1225 1143 1273 1204 vi·

131 1244 249 1307 dentur.
290 1244 342 1313 Sic
362 1244 445 1306 enim
464 1243 561 1307 factus
581 1245 714 1313 animam
727 1243 852 1323 dilatat,
873 1246 949 1329 quie
968 1247 1066 1314 malos
1080 1245 1189 1319 ¹fermus
1207 1265 1272 1307 ms·

129 1349 291 1412 lancolicos
309 1347 438 1428 expellit
468 1358 498 1410 et
521 1367 655 1428 sperma,
681 1345 766 1431 quod
790 1361 967 1413 consuetum
991 1359 1056 1413 erat
1074 1346 1275 1428 multiplicari

129 1463 159 1513 et
179 1473 218 1513 ex
237 1451 406 1515 retentione
426 1462 458 1512 et
485 1450 684 1520 coarctatione
704 1451 877 1532 corrumpi,
895 1461 1057 1532 ‚expurgat
1086 1461 1117 1511 et
1136 1469 1192 1530 per
1212 1450 1273 1519 hoc

129 1575 148 1614 a
167 1554 271 1632 pravis
291 1551 516 1625 accidentibus,
536 1551 575 1627 de
596 1555 709 1636 quibus
727 1555 811 1617 Ηιιι
830 1554 926 1626 ¹etalii
943 1553 1078 1629 seniores
1092 1562 1271 1627 memorant,

129 1669 311 1734 praeterret.
363 1657 398 1718 ln
428 1655 496 1719 aliis
524 1657 705 1736 corporibus
724 1668 756 1719 et
774 1656 925 1723 aetatibus
950 1669 1045 1739 atque
1065 1655 1155 1745 alitor
1175 1655 1273 1721 tenue

128 1759 299 1835 plurimum
319 1769 408 1819 nocet
428 1778 470 1819 ex
491 1757 588 1821 cautis
607 1757 752 1838 allegatis.
804 1757 1006 1855 Sumopare
1033 1769 1134 1822 tamen
1161 1774 1270 1821 cauen-

129 1855 216 1934 dum,
234 1879 274 1921 ne
295 1860 391 1921 coitus
410 1859 463 1921 liat
483 1879 552 1919 cum
572 1860 700 1923 muliere
715 1848 910 1940 pustulata,
899 1882 963 1924 imo
984 1882 1086 1945 nequa
1106 1880 1175 1922 cum
1179 1879 1269 1935 tono,

129 1980 200 2021 cum
221 1980 284 2040 qua
303 1958 390 2038 prius
409 1958 497 2033 brevi
519 1959 666 2037 temporis
694 1961 792 2038 spatio
820 1963 985 2041 concubuit
1011 1963 1059 2024 vir
1086 1961 1270 2042 postulatus,

128 2074 256 2142 propter
275 2062 389 2122 evitare
418 2061 604 2138 contagionis
631 2061 819 2142 periculum·
848 2063 910 2122 iam
939 2062 1021 2124 enim
1046 2062 1211 2139 cognitum
1225 2071 1271 2121 est

128 2161 334 2253 experientia,
366 2174 400 2223 ut
430 2163 619 2244 subsequens
646 2173 717 2242 post
747 2164 936 2249 pustulatum
965 2173 1100 2226 recenter
1127 2157 1269 2221 inlicitur.

129 2267 157 2324 A
178 2262 349 2357 prostitutis
365 2282 443 2351 ergo
454 2262 634 2325 mulieribus
655 2262 715 2326 hoc
731 2274 868 2346 tempora
888 2263 1021 2371 maxime
1035 2247 1203 2369 cavendum
1214 2273 1269 2323 ιιι.

180 2420 249 2479 ln
267 2416 344 2478 cibis
362 2416 454 2478 uitari
468 2414 580 2478 debent
591 2437 706 2495 omues,
725 2439 782 2502 qm
772 2419 910 2483 lauant
919 2417 961 2483 ad
974 2419 1200 2498 generationem
1211 2417 1273 2497 lto·¹>

128 2542 198 2584 rum
209 2521 377 2582 hermonum
388 2520 538 2590 malorum
549 2533 581 2584 et
600 2521 945 2586 maxime-tendentium
964 2521 1005 2586 ad
1018 2523 1190 2596 acuitatem,
1212 2519 1274 2604 qui

127 2644 221 2704 supra
235 2621 274 2684 da
286 2620 385 2682 causis
406 2623 558 2684 numerati
569 2635 650 2687 tunt.
692 2623 877 2688 Dimitteudi
889 2626 1060 2688 suntetiam
1078 2644 1187 2688 omnes
1206 2623 1270 2689 citi

126 2723 429 2788 malaesubstantiae
450 2725 501 2786 vel
521 2727 739 2811 proprietatis,
767 2741 802 2792 ut
821 2729 926 2808 fungi,
948 2729 1074 2807 tubera,
1106 2745 1198 2791 nuces
1218 2725 1268 2787 vel

126 2825 307 2910 amygdalae
325 2824 466 2888 rancidae
488 2840 517 2889 et
535 2848 640 2892 carnes
658 2832 708 2894 vel
722 2830 820 2910 piacet
841 2829 880 2892 ad
897 2831 1149 2913 putrefactionem
1163 2825 1268 2908 dispo·

126 2930 187 2993 siti.
230 2931 291 2991 Pro
313 2941 398 2991 tanto
418 2929 512 2991 Ζοιιι
532 2931 635 3010 primo
656 2933 781 3008 thaisis,
808 2933 944 3013 capitulo
970 2934 1103 3018 septimo
1121 2932 1273 3013 prohibet.

127 3033 240 3108 omnia,
260 3052 340 3114 quae
359 3051 500 3112 saporem
519 3052 611 3094 suum
629 3047 798 3098 mutarunt.
838 3037 963 3100 Praeter
982 3035 1040 3099 hot
1051 3031 1178 3098 carendi
1195 3044 1268 3096 eunt

127 3154 232 3198 omnes
251 3135 313 3196 cibi
333 3134 421 3196 iacile
441 3138 673 3216 corruptibiles,
703 3137 882 3218 praesertim
912 3135 1002 3198 siad
1020 3135 1182 3199 acuitatem
1200 3152 1268 3195 cor·

126 3250 324 3319 rumpantur3
367 3257 409 3297 ex
438 3238 480 3298 eis
506 3257 653 3318 namque·
667 3239 756 3317 pravi
784 3248 985 3318 procreantur
1004 3237 1159 3299 humores.
1201 3234 1281 3301 Hoc*

125 3338 219 3401 modo
247 3338 339 3400 etiam
370 3356 478 3398 nocere
507 3349 636 3417 possunt
656 3338 716 3398 cibi
735 3339 925 3400 melancolici
952 3358 1028 3405 cum,
1046 3332 1187 3402 dulcibus
1211 3349 1268 3399 tut

125 3439 251 3502 acetoeie
269 3437 445 3514 commixti,
464 3438 604 3500 similiter
624 3439 680 3515 lac,
700 3440 877 3519 praecamini
897 3441 1111 3517 lactumacre,
1129 3452 1160 3505 et
1178 3435 1266 3505 doni·

125 3564 188 3625 que
209 3540 325 3601 fructus
344 3539 478 3617 horarii,
507 3552 542 3601 ιιι
563 3541 732 3618 crisonrila,
752 3542 887 3621 persica,
908 3545 1069 3625 mespilae,
1089 3542 1181 3619 ltcur,
1201 3562 1266 3607 me·

123 3647 227 3725 lones,
247 3662 348 3704 cerasa
377 3654 406 3704 et
427 3654 540 3722 cetera,
569 3655 599 3706 et
621 3663 657 3705 eo
678 3644 838 3747 ιιιιιίι,ιι
862 3660 1023 3710 nascantur
1042 3648 1076 3709 in
1097 3659 1189 3724 terra,
1210 3646 1265 3706 ubi

124 3745 205 3809 dicta
225 3745 328 3826 passio
348 3745 587 3831 multiplicatur,
616 3759 651 3810 ut
671 3724 838 3809 Amnius-i
855 3747 987 3812 secunda
1007 3749 1118 3830 primi:
1151 3759 1264 3808 morta-

123 3849 191 3911 litas
212 3845 259 3932 (id
282 3860 339 3927 est,
369 3851 525 3931 corruptio
546 3847 638 3932 aeris)
668 3851 837 3943 corrumpit
863 3853 988 3914 arbores
1017 3863 1048 3912 et
1076 3844 1264 3931 vegetabilis,

125 3964 155 4014 et
172 3964 412 4035 cormtmpuntur
436 3951 532 4031 inde,
555 3953 611 4037 qui
642 3952 685 4014 eis
716 3964 889 4014 vescuntur.
905 3942 987 4014 Ειι
1024 3970 1088 4035 quo
1115 3944 1271 4066 sequitur,
1364 3973 1370 3980 ·

125 4051 209 4151 quod
230 4055 335 4134 panis,
365 4055 393 4116 si
412 4054 479 4116 fieri
506 4069 620 4136 potest,
647 4034 737 4116 debet
768 4052 835 4114 fieri
856 4051 894 4114 de
921 4048 1092 4127 frumento,
1120 4049 1152 4111 in
1183 4064 1263 4114 terra

123 4154 248 4216 sanast
270 4157 330 4218 alio
360 4177 441 4220 anno
468 4157 626 4283 producto.

128 4264 357 4373 intellectis
369 4311 520 4392 fugiendis
530 4328 559 4376 et
573 4314 717 4396 aquibus
727 4311 905 4395 cavendum,
917 4268 1002 4377 facile
1017 4280 1074 4376 erit
1084 4312 1265 4399 intelligere,
