2806 4800
672 238 750 315 -256

135 430 330 512 altiusqunm
341 426 530 501 sensitivam,
551 427 646 489 immo
666 447 764 509 paene
781 424 920 490 divinum
939 425 1086 490 iudicium
1108 414 1288 512 requirunt.

135 534 184 596 llli
204 553 294 609 vem,
315 551 448 613 quorum
471 527 652 591 medicinam
671 530 838 592 altissimus
858 527 897 592 de
917 544 999 593 terra
1021 533 1152 607 creavit,
1170 535 1286 598 iuvan-

136 650 187 700 tur
208 633 334 718 quidem
351 633 519 713 plurimum
541 651 599 712 pro
619 644 700 694 sorte
720 634 857 694 humana
876 629 1077 694 accidentium
1099 633 1284 712 ministerio,

134 742 177 802 ite
197 738 307 813 etiam,
338 733 424 817 quod
452 735 491 793 ab
513 732 563 796 his
592 753 816 817 nonnunquam
847 735 1119 814 aegrotationibus·
1145 739 1285 814 numiam

134 852 229 924 prout
255 858 357 918 nuper
387 833 426 897 de
454 836 717 915 malemorigernto
745 835 900 912 diximus,
928 837 1112 918 imponunt;
1137 839 1283 904 sedlnon

136 940 336 1026 usqueadeo,
356 935 441 1020 quod
456 959 496 1000 ex
506 936 707 1002 accidentium
718 939 920 1003 similitudine
935 941 1079 1002 morbum
1098 942 1284 1007 esttamen

135 1065 258 1126 semper
270 1040 446 1120 dignoscere
465 1039 598 1120 possint:
618 1040 710 1104 affers
732 1042 812 1102 enim
834 1042 869 1103 in
889 1042 970 1104 calce
992 1042 1101 1104 tertiae
1109 1045 1291 1108 conclusioe·

136 1148 183 1209 nis
205 1145 250 1231 (et
269 1142 302 1204 id
323 1154 445 1224 praeter
471 1141 505 1201 in
527 1153 592 1204 tota
612 1143 766 1222 positione
789 1145 868 1205 nihil
897 1141 1035 1228 verum),
1061 1143 1166 1227 quod,
1186 1145 1287 1215 side

132 1249 291 1332 speciebus
309 1245 459 1321 malignae
482 1245 623 1307 cholerae
645 1246 739 1308 sobrie
759 1247 792 1307 in
817 1243 1024 1308 accidentibus
1051 1247 1209 1327 pestilenti
1241 1247 1287 1311 sie

137 1354 217 1415 milis
238 1350 430 1423 suboriatur,
453 1360 638 1410 nontamen
661 1351 806 1430 pestilens
827 1347 888 1410 dici
907 1347 1005 1411 debet.
1050 1346 1110 1412 Sed
1132 1349 1208 1430 quia
1230 1354 1284 1410 tie·

135 1475 198 1538 que
218 1454 251 1514 in
272 1452 322 1513 his
342 1447 453 1530 pedem
472 1449 515 1510 ita
535 1449 621 1528 figis,
653 1453 730 1534 quin
753 1451 870 1513 retrahi
898 1451 996 1531 possit
1014 1447 1054 1510 ad
1076 1450 1285 1531 multiplican-

136 1557 211 1620 dum
231 1573 365 1628 errores,
385 1548 426 1613 ad
447 1553 670 1615 conclusionem
691 1551 857 1616 secundam
880 1553 1022 1617 testinata

263 1811 360 1884 Circa
387 1809 639 1885 conclusionem
667 1810 863 1886 secundam.
905 1814 1278 1931 (X¹21'·²².⁵·)··-25-

225 1972 315 2053 Quem
335 1981 362 2030 te
382 1970 496 2029 tandem
519 1971 680 2031 asnunnbrs
689 1980 809 2029 etc.
840 1968 904 2044 Me,
925 1968 981 2050 qui
1002 1988 1081 2041 sum,
1097 1961 1187 2027 hand
1206 1983 1284 2043 pro·
1389 2010 1393 2019 .

135 2073 213 2135 tecto
247 2082 357 2152 reputo
393 2072 556 2134 maiorem:
601 2073 682 2133 nihil
712 2073 882 2147 excelsum,
915 2071 996 2131 nihil
1031 2070 1169 2131 alienum
1201 2065 1283 2125 mihi

135 2177 248 2239 tribuo.
312 2177 550 2250 Hnrocnareu,
585 2176 756 2249 Generum,
789 2186 903 2235 ceteros
934 2169 1036 2255 (cuius
1066 2191 1115 2231 ms
1145 2166 1283 2231 criminis

135 2279 213 2338 falso
233 2276 404 2359 insimulas)
423 2278 574 2339 violenter
594 2291 648 2340 aut
669 2277 795 2358 oblique
814 2296 876 2337 non
897 2278 997 2356 allego
1017 2295 1119 2356 neque
1140 2291 1283 2394 expostus

137 2377 222 2460 quod
243 2400 351 2442 verum
375 2398 440 2439 esse
461 2379 504 2439 sic
524 2380 648 2439 habeas.

223 2483 321 2544 Non'
309 2503 405 2558 ignoro
426 2492 481 2540 etc.
503 2515 546 2527 -
588 2481 716 2560 Scripsit
738 2482 929 2543 heumannus
950 2482 1158 2541 Hnrocnems
1180 2476 1277 2539 Gens·

138 2602 231 2663 mque
249 2582 336 2661 gravi
354 2580 529 2642 testimonio
558 2601 613 2642 nec
631 2583 696 2642 sine
724 2587 860 2658 ratione,
887 2583 1029 2643 morbum
1054 2559 1200 2659 gallicum
1229 2575 1281 2639 de-

136 2685 210 2746 bere
229 2683 351 2746 aestivis
372 2684 598 2744 connumerari:
619 2696 652 2746 tu
664 2685 755 2745 stulte
775 2685 867 2745 nimis
888 2685 978 2745 illum
994 2680 1147 2762 carpendo
1163 2679 1283 2760 scriptis

138 2784 309 2866 prodidisti,
330 2785 516 2846 aestivorum
541 2787 720 2847 morborum
738 2786 951 2866 aphorismum
967 2805 1019 2846 eos
1031 2784 1186 2845 continere
1197 2801 1283 2841 mor·

140 2889 211 2962 bos,
246 2887 302 2968 qui
328 2905 438 2965 parum
461 2884 572 2948 durant
594 2900 624 2948 et
654 2909 747 2967 saepe
778 2888 872 2964 lium,
898 2910 937 2949 ex
966 2887 1135 2948 mutatione
1162 2884 1285 2945 aestatis

138 2989 326 3073 praesertim.
377 2985 475 3062 Quem
504 3009 639 3051 errorem
673 2992 720 3051 uti
751 2990 869 3052 medico
895 2987 1075 3070 pudendum
1108 2986 1286 3066 castigando

137 3091 362 3156 commentariis
377 3091 494 3152 Gentem
504 3089 701 3171 ostendimus,
721 3093 943 3153 Husccearms
955 3089 993 3152 de
1003 3101 1146 3152 consueto
1159 3101 1285 3169 patrum

137 3197 276 3258 instituto
296 3193 434 3274 praefata
452 3195 638 3257 aestivorum
659 3196 807 3257 cententio
828 3215 922 3275 super
943 3194 1084 3268 morbos,
1112 3192 1170 3274 qui
1194 3193 1287 3253 abso·

137 3299 234 3358 lutam
247 3297 398 3357 rationem
406 3309 436 3357 et
448 3299 605 3378 propriam
612 3299 733 3361 aestatis
747 3311 983 3377 temperaturam
993 3309 1177 3378 sequuntur,
1198 3295 1288 3374 prin·

139 3398 278 3478 cipaliter
289 3400 515 3477 pronunciasse.
552 3402 691 3479 Angebat
702 3414 732 3463 te
747 3402 841 3462 huius
857 3400 1058 3479 ignorationis
1075 3412 1146 3461 tuae
1160 3395 1288 3461 evidens

118 3513 123 3519 ‘
139 3499 282 3578 suspicio,
302 3513 335 3560 ut
348 3502 421 3560 hinc
442 3499 539 3584 (quod
555 3506 761 3583 superborum
778 3504 972 3567 indoctorum
987 3504 1081 3565 moris
1103 3500 1162 3585 est)
1177 3500 1287 3565 audaci

113 3615 116 3622 '
141 3598 276 3683 quodam
295 3603 400 3662 lurore
421 3600 528 3664 ductus
550 3624 587 3664 eo
609 3607 785 3685 pervenisti,
807 3628 871 3689 quo
891 3628 952 3669 non
973 3608 1083 3682 solum,
1104 3615 1286 3687 quosantea

140 3704 237 3766 literis
258 3702 472 3782 mandaveras,
502 3728 620 3769 errores
641 3709 803 3786 inficiaris,
833 3731 942 3773 verum
963 3709 1167 3788 amplioribus
1185 3706 1282 3767 multo

140 3818 171 3869 te
189 3807 349 3870 involvens
369 3807 516 3871 hactenus
538 3822 675 3889 opertam
695 3811 918 3889 ignorationem
947 3809 1098 3873 detexisti.
1151 3806 1233 3870 Dicis
1252 3817 1284 3865 te

142 3908 227 3971 haud
248 3911 407 3988 ignorare,
439 3908 525 3991 quod
552 3924 649 3974 aestas
669 3933 726 3993 per
746 3925 887 3974 naturam
910 3910 1059 3995 quosdam
1091 3923 1122 3973 et
1154 3929 1210 3992 per
1238 3907 1289 3970 sui

142 4014 341 4077 mutationem
359 4013 435 4075 elios
456 4015 614 4078 mncinnat
634 4016 768 4080 morbos.
811 4012 929 4090 Quodsi
948 4035 1012 4076 non
1030 4016 1174 4093 ignoras,
1201 4022 1290 4089 ente·

143 4115 201 4175 hac
222 4128 251 4176 te
271 4118 457 4195 ignoravisse
478 4130 508 4178 et
528 4118 648 4198 scriptis
666 4131 696 4179 et
718 4119 866 4198 exemplis
887 4118 1097 4198 profusissime
1118 4110 1291 4178 ostendisti.

143 4216 296 4296 Scripsisti
307 4240 416 4298 nempe
437 4216 807 4297 adversusLeomceruu,
828 4223 952 4283 morbos
972 4223 1102 4284 aestivos
1120 4222 1194 4282 illos
1215 4237 1292 4291 esee,

145 4321 201 4403 qui
222 4339 312 4399 saepe
333 4320 460 4383 humet
488 4342 599 4401 parum
627 4320 738 4386 durant
765 4345 804 4384 ex
832 4325 952 4385 aestatis
980 4325 1171 4387 mutatione..
1211 4317 1293 4396 Quis
