2806 4800
619 208 705 294 v983
778 221 791 269 '·

97 408 129 466 in
151 425 290 488 quorum⁴
307 423 437 466 numero
458 382 685 466 Paucumllax
697 401 794 464 nostri
812 402 882 465 aevi
902 399 1152 484 diguam-virum
1174 425 1242 470 cen·

96 524 166 584 seo,
189 528 326 591 unquam
347 507 484 588 accipies.
526 507 593 570 Ubi
612 526 685 587 ergo
706 506 834 586 legeris,
854 506 1042 588 ipsedicaa
1089 515 1092 519 ’

182 614 261 676 Nam
272 613 490 689 mathematicae
498 621 553 671 etc.
564 640 617 659 -J
628 609 864 671 Mathematioec
871 610 1026 688 scientiae
1036 612 1244 674 abstrahentes

95 713 257 776 amareris
272 723 303 774 et
318 724 415 789 motu,
435 723 507 775 sunt
529 709 754 792 proculdubio
772 711 805 772 in
825 711 1037 795 primolgradu
1057 711 1244 776 certitudinis

96 817 277 896 habentque
297 812 391 876 acad
412 816 617 903 intellectum,
633 860 635 865 >
649 826 687 875 ut
706 814 832 888 omnino
850 814 1015 880 irridebita
1030 814 1173 878 distantia
1194 834 1246 877 eo·
1345 869 1351 879 .

96 921 146 980 lor
165 917 204 980 ad
226 917 344 979 visum:
376 916 432 993 sed
456 916 662 980 divinatoriae.
684 928 718 978 et
744 918 946 996 astrologicae
965 919 1244 982 amesabstrahan·

98 1035 142 1082 tes
164 1043 182 1081 a
204 1020 330 1083 veritate
353 1020 523 1080 erratione
545 1017 670 1081 suntin
692 1037 813 1079 summo
835 1018 933 1097 gradu
955 1022 1067 1083 erroris
1089 1033 1119 1083 et
1139 1041 1172 1083 se
1189 1021 1245 1082 lta·

98 1123 171 1184 bent
190 1134 225 1183 ut
248 1121 410 1197 tenebrae,
430 1142 510 1202 quae
530 1117 657 1184 videndi
677 1120 907 1198 subterfugiunt
928 1122 1088 1188 rationem.

164 1227 269 1286 >Velim
297 1237 325 1286 et
350 1246 402 1301 ago
422 1235 478 1284 etc.
499 1255 542 1271 α-
583 1223 651 1283 Illic
677 1222 733 1283 ubi
762 1224 867 1284 nullus
894 1224 1002 1299 timor,
1038 1245 1080 1284 ne
1102 1221 1246 1302 trepides,

97 1328 248 1408 propheta
269 1327 406 1389 monuit:
442 1347 480 1387 ex
502 1325 618 1406 priscis
646 1344 781 1407 namque
811 1322 935 1387 uredicis
950 1356 952 1360 ·
965 1326 1083 1387 nemini
1108 1344 1246 1408 unquam

97 1431 155 1491 fuit
176 1428 403 1510 praecognitum
427 1448 467 1488 ex
493 1427 582 1490 astris
611 1439 805 1508 portentum,
836 1424 923 1509 quod
951 1424 1045 1490 modo
1072 1424 1190 1508 plebeis
1218 1439 1248 1489 et

102 1532 223 1593 rusticis
246 1528 321 1592 dicis
344 1531 504 1592 familiare.
597 1579 601 1586 .

118 1657 121 1663 ’
184 1635 263 1698 Nam
285 1647 312 1694 et
335 1635 460 1694 medieas
483 1646 509 1694 et
531 1634 689 1710 astrologus
707 1643 764 1694 etc.
783 1664 827 1676 -
870 1631 914 1693 lta
947 1650 1019 1711 ergo
1041 1630 1245 1711 colligendum

72 1734 179 1797 ,erite
195 1733 331 1796 medicus
351 1748 381 1797 at
398 1737 576 1813 astrologus«
591 1757 631 1796 ex
653 1734 750 1796 casteis
771 1733 895 1798 effectus
927 1748 958 1798 et
984 1757 1001 1797 e
1023 1750 1128 1799 contra
1148 1735 1248 1816 pluri·

100 1857 185 1897 snum
210 1833 360 1914 iudicant,
379 1856 452 1916 argo
466 1837 640 1915 astrologia
660 1824 783 1916 perficit„
796 1851 829 1900 at
848 1839 936 1900 iuvat
956 1837 1125 1917 medicum5
1147 1849 1176 1900 et
1197 1859 1248 1900 ea·

99 1935 169 1998 dem
190 1937 309 1998 ratione
330 1935 481 1998 medicina
500 1937 588 2000 iuvat
610 1949 641 1998 et
660 1936 777 2016 perficit
798 1941 996 2016 astrologum
1025 1942 1124 2003 *Item
1152 1954 1248 2004 metas

99 2039 245 2120 phyriona
267 2051 296 2101 et
323 2020 494 2118 astrologus
517 2060 557 2099 ex
578 2037 675 2098 caueis
696 2036 821 2107 effectus
852 2051 881 2099 et
909 2053 1051 2100 econtra
1079 2043 1249 2120 plurimum

99 2142 251 2220 iudicant,
278 2164 350 2222 crgo
371 2143 535 2223 astrologia
560 2141 647 2204 iuvat
667 2153 696 2202 et
717 2138 834 2220 perficit
856 2142 1112 2223 metaphysicum3
1149 2155 1179 2204 et
1206 2145 1249 2205 ita

101 2244 139 2306 de
160 2246 338 2308 humanitus
365 2246 496 2308 inventis
525 2245 684 2316 omnibus:
717 2246 870 2306 humanae
899 2245 982 2306 enim
1013 2246 1104 2309 sortis
1135 2258 1181 2307 est
1209 2267 1249 2308 ex

99 2351 196 2412 carreis
218 2350 347 2414 affectus
367 2365 398 2414 et
415 2373 441 2412 e:
454 2362 558 2412 eontra
579 2349 748 2429 plurimum
763 2347 915 2427 iudicare3
936 2369 1043 2412 omnes
1058 2369 1131 2428 ergo
1152 2349 1250 2410 scien·

99 2452 156 2514 tias
176 2453 341 2532 astrologia
360 2453 480 2516 iuvabit
502 2465 532 2513 et
552 2452 710 2516 veritatem
730 2471 816 2512 error
838 2450 995 2531 perficiet:
1025 2447 1078 2514 Oh
1090 2448 1175 2528 deses,
1196 2454 1250 2514 ubi

98 2567 152 2616 tua
172 2557 233 2618 tela
255 2567 360 2618 contra
381 2569 496 2618 tantam
516 2576 536 2616 a
557 2555 686 2618 veritate
706 2549 918 2616 aversionem?
985 2577 987 2581 ·
1238 2606 1241 2611 ,

188 2661 222 2719 Si
239 2661 290 2719 tibi
308 2681 358 2720 nea
381 2665 454 2721 ratio
467 2671 530 2720 etc.
553 2689 595 2704 -·-
616 2653 698 2730 Quia
719 2655 838 2734 Lipcak
858 2675 952 2736 quam
968 2655 1186 2735 Nurenbergaa
1200 2663 1249 2716 ca·

100 2761 166 2821 rius
187 2757 364 2822 venduntur
384 2761 500 2824 iudicis
518 2760 721 2838 astrologica,
739 2757 785 2819 ibi
807 2779 900 2840 quam
922 2760 973 2820 hic
993 2761 1026 2821 in
1048 2757 1157 2821 maiori
1177 2777 1249 2836 pre·
1286 2831 1292 2841 χ

99 2863 144 2924 tio
164 2863 319 2924 habentur
339 2864 497 2943 astrologi.
540 2861 675 2944 Videas,
706 2882 745 2922 ne
758 2872 839 2923 -astu
861 2878 955 2943 quam
981 2859 1249 2941 doctrinaapluras

104 2963 285 3026 medicinam
305 2976 442 3027 tractent.
502 2950 506 2961 η’
897 3014 900 3018 .
963 2969 965 2975 ’

189 3071 298 3152 Quodsi
316 3075 345 3129 in
365 3068 520 3128 hemardus
535 3052 648 3128 etas-4*
665 3064 849 3149 Superstitio
871 3075 925 3126 est.
968 3063 1005 3124 ln
1023 3062 1100 3124 locis
1120 3063 1248 3142 insigni·

99 3172 157 3231 bus
177 3170 226 3254 (ut
248 3166 480 3252 Nuranbcrgae)
503 3168 580 3229 cirea
599 3181 739 3250 aegrotos
751 3170 824 3232 talia
837 3180 942 3238 suamc
954 3162 1128 3241 observare,
1147 3185 1247 3245 poena

100 3274 188 3335 exilii
209 3285 270 3352 est3
304 3292 527 3354 nonnunquam
548 3272 638 3333 enim
651 3273 768 3351 aegroti
787 3293 842 3352 spe
867 3269 1069 3341 diuturnioris
1088 3269 1169 3331 vitae
1189 3288 1248 3329 nu·

100 3397 157 3455 per
177 3375 366 3456 praesagitus
387 3377 430 3437 eis
451 3377 490 3436 ab
512 3379 665 3455 astrologo
686 3376 803 3458 absque
821 3376 960 3437 ecclesiae
980 3371 1178 3436 sacramentis.
1196 3367 1248 3432 de·

102 3496 233 3556 cessere,
264 3479 336 3558 plus
364 3490 533 3540 nestoream
555 3489 706 3539 senectam
736 3497 829 3559 quam
857 3474 936 3538 illud
963 3474 1140 3537 saltatorios
1175 3472 1247 3555 quia

102 3580 219 3642 nescitis
240 3577 323 3642 diem
344 3601 445 3662 neque
466 3583 597 3657 horam,'
618 3577 782 3643 credentes.
830 3635 833 3639 ,

171 3686 269 3747 ’ὃοΙω
285 3688 423 3767 propheta
443 3690 473 3746 in
488 3689 586 3746 Israel
604 3696 659 3747 etc.
678 3719 722 3732 -
753 3685 866 3746 Parum
886 3683 946 3745 tibi
963 3680 1107 3755 uidetur,
1127 3692 1159 3775 et
1177 3678 1249 3756 plri-

98 3769 243 3869 losophos
265 3801 294 3850 et
315 3788 470 3869 principes
491 3786 623 3848 medicos
650 3786 690 3847 ad
711 3776 846 3849 alienum
879 3807 1000 3849 sensum
1022 3795 1155 3856 vertere,
1186 3779 1245 3842 nisi

98 3902 128 3950 et
148 3890 254 3958 divina
271 3893 396 3975 eloquia
415 3892 740 3972 tuapraesumptione
767 3891 808 3953 ad
831 3891 1029 3954 scurrilitates
1058 3898 1247 3965 retorqueas.

98 3990 254 4069 Propheta
273 4014 336 4055 non
356 4015 425 4055 sum
447 4014 548 4075 neque
569 3991 651 4055 filius
671 3994 876 4074 propheteeg·
893 3991 945 4054 sed
967 3988 1056 4054 crede
1078 3988 1249 4050 luxurianti
1352 4042 1354 4045 .

100 4092 213 4152 barbae
233 4107 388 4157 tonsorem
401 4096 532 4160 ⁴tnrrdem
554 4094 765 4158 admittemus

185 4196 277 4256 Psous
298 4207 352 4254 eto.
374 4230 416 4244 --
436 4229 439 4233 v
456 4199 550 4276 Vah,
583 4197 639 4281 qui
670 4196 728 4260 diis
757 4190 910 4275 derogare
931 4195 1057 4272 niteris,
1090 4195 1146 4276 qui
1176 4213 1246 4255 cum

98 4299 253 4360 Aronnmn
275 4295 388 4359 fidibus
408 4295 656 4391 decertasse-nam
677 4301 804 4365 illustris
822 4302 951 4365 loannes
975 4301 1041 4364 Prot
1063 4299 1246 4361 ers-Mmtu-
