2806 4800
669 253 745 327 234

139 441 213 520 ipso.
244 443 353 505 falsum
391 463 454 505 esse
485 453 613 516 constat,
652 461 719 503 cum
758 436 922 500 accidentia
944 437 1045 501 morbi
1083 457 1132 499 res
1162 452 1285 518 praeter

140 556 278 605 naturam
298 558 389 622 sunt,
408 545 533 606 minime
551 558 652 607 tamen
672 544 861 606 essentialem
881 542 1045 604 laesionem
1060 543 1285 621 operationum,

139 647 200 707 nisi
220 646 371 710 mediante
380 650 500 723 morbo,
519 649 646 709 faciunt.
689 648 767 709 Dixi
787 646 889 721 etiam,
907 645 1161 706 malumirancum
1181 665 1285 707 essen·

138 746 251 811 tialiter
272 747 393 813 laedere
412 748 623 829 operationem
642 759 795 830 proventu
818 747 938 826 primo,
961 743 1017 808 aad
1047 746 1124 806 haec
1142 748 1284 826 proprie·

138 861 185 910 tas
204 851 337 924 occulta,
364 861 399 911 ut
419 869 508 911 cansa
535 849 653 926 morbi,
680 869 737 929 per
768 845 991 927 aegritudinem
1019 845 1115 910 laedit
1122 888 1132 924 ,
1166 861 1196 910 et
1217 869 1283 911 non

139 961 291 1028 pruventu
305 949 437 1028 primu·
459 950 557 1011 Etiam
570 961 615 1026 tu,
635 951 789 1029 praeclare
805 960 835 1009 ct
856 948 945 1010 unica
965 960 1196 1024 commentator,
1218 971 1283 1012 me·

138 1049 273 1125 diuinae,
298 1070 368 1111 cum
388 1051 603 1130 philosophiae
623 1051 758 1112 naturali
779 1049 1022 1126 subalternelur,
1050 1031 1202 1132 principia
1225 1055 1283 1113 lra-

139 1154 211 1215 bere
231 1151 369 1230 negabis,
390 1163 421 1214 ct
439 1152 483 1214 sic
504 1150 683 1228 medicinam
703 1151 944 1234 necquicquam
968 1149 1197 1229 demonstrare,
1224 1175 1282 1217 nec

138 1253 319 1317 concludere
337 1273 427 1333 posse
447 1253 622 1334 portendis3
643 1257 817 1319 communia
836 1255 906 1316 licet
925 1255 1062 1334 recipiat,
1080 1255 1208 1336 propria
1227 1252 1282 1318 de·

137 1357 232 1437 nique
251 1377 292 1419 ex
312 1359 373 1420 hoc
390 1379 453 1421 aon
474 1359 589 1421 habers
607 1360 731 1439 putasti,
751 1371 836 1421 tanto
856 1358 885 1421 ci
901 1355 1085 1421 inaudavisti
1104 1370 1225 1435 conatu,
1247 1372 1282 1421 ut

137 1459 237 1540 ipsam
267 1459 425 1539 principiis
445 1480 546 1522 carere
571 1463 672 1540 palam
693 1481 819 1524 asseras.
875 1458 1027 1542 Nunquid
1055 1472 1084 1523 et
1110 1461 1283 1523 uenataui·

137 1582 209 1626 uem
256 1575 378 1642 praeter
413 1564 587 1645 militarem*
626 1564 754 1644 propria
789 1565 903 1625 habere
940 1562 1093 1643 principia
1127 1563 1281 1641 negabis?

138 1663 248 1727 Nonne
265 1677 294 1726 et
314 1665 411 1743 probe
432 1663 530 1729 alias?
548 1667 672 1741 Errata,
695 1663 893 1729 deliramenta
916 1678 945 1727 et
966 1685 1063 1744 nugae
1081 1663 1282 1736 infinitas'ei·

137 1766 270 1842 finxisti,
292 1781 377 1830 tuam
397 1766 531 1850 denique
552 1764 977 1830 doctrinamtniserabundus
995 1767 1120 1829 iactitas.
1168 1765 1202 1830 st
1222 1787 1282 1847 pro

138 1869 286 1932 simulatis
306 1871 368 1933 tuis
388 1868 534 1961 doctrinis
557 1871 725 1953 quicquam
753 1869 876 1934 adversi
895 1868 1051 1946 docentur,
1081 1871 1216 1950 sopitum
1233 1891 1283 1932 re·

137 1971 242 2034 lricari
272 1974 383 2035 vulnus
421 1973 604 2055 querularis.
668 1973 705 2036 Et
738 1993 841 2035 nonna
878 1992 996 2035 errores
1012 1983 1163 2051 apertos,
1203 1992 1282 2052 quos

139 2093 221 2147 nuuc
246 2073 280 2137 in
310 2075 526 2155 philosophia,
558 2095 640 2141 nunc
676 2076 709 2137 iu
730 2074 880 2139 medicina
912 2075 1092 2154 (temerario
1124 2087 1178 2137 tuo
1204 2096 1282 2137 ausu

137 2175 345 2262 impudenter)
371 2179 510 2241 omnium
539 2178 673 2261 denique
701 2178 888 2242 medicorum
916 2178 1083 2241 centennis
1111 2177 1210 2238 aliene
1234 2178 1283 2239 ni·

138 2280 198 2342 mis
218 2279 415 2358 confinxeras,
435 2279 623 2360 impudentis
633 2281 680 2343 tui
693 2283 845 2343 simulabo
857 2276 983 2342 amore?
1005 2279 1100 2341 Rasin
1114 2277 1155 2340 de
1164 2278 1284 2343 madico

140 2396 299 2463 praecepta
320 2384 354 2444 in
385 2381 523 2450 medium
554 2382 713 2459 duxerim,
745 2395 780 2447 tu
810 2384 871 2444 iere
900 2382 1026 2444 moleste
1041 2381 1111 2443 tibi
1137 2381 1285 2456 nunecius,

139 2505 208 2546 cum
229 2482 363 2565 denique
383 2497 438 2547 tuo
452 2482 590 2561 iudicio,
618 2483 695 2567 quid
711 2487 773 2547 bac
802 2485 835 2545 in
855 2494 937 2547 arte-
952 2483 1065 2560 egeris,
1094 2483 1283 2563 reliquerim.

139 2586 421 2666 Principiservire,
442 2585 526 2668 quod
546 2588 602 2650 tibi
620 2588 894 2670 quam-gloriosum
915 2587 1015 2648 visum
1037 2597 1091 2660 eat,
1112 2587 1140 2647 si
1162 2584 1284 2648 doctum

141 2709 233 2770 quem
256 2689 377 2764 faceret,
396 2709 501 2751 revera
522 2691 612 2768 longe
633 2702 663 2752 te
682 2691 842 2770 peritiores
855 2708 916 2753 nou
935 2688 1024 2767 pauni
1038 2688 1196 2749 stabularii
1215 2709 1286 2750 eva·

139 2791 256 2856 sissent.
311 2795 406 2856 Basra
428 2813 484 2872 ego
505 2795 689 2876 senientiam
712 2806 848 2869 secmus,
880 2792 936 2874 qui
957 2790 1080 2867 docuit,
1103 2791 1137 2852 in
1157 2792 1287 2854 urbibus

141 2891 265 2955 {amosis
301 2893 453 2957 medicum
474 2894 584 2960 debere
606 2896 737 2970 morari,
769 2896 823 2956 u'bi
848 2907 879 2957 ct
899 2914 1060 2975 aegrorum
1081 2895 1171 2974 copia
1205 2894 1287 2973 peri·

142 2995 216 3057 tiam
245 2997 356 3058 faceret
385 2997 585 3078 ampliorem,
627 3016 779 3078 nusquam
797 3008 843 3057 et
869 2997 1042 3076 principum
1066 2996 1105 3077 (ai
1133 2986 1291 3079 libuisset)
1396 2990 1398 2997 ’

142 3111 252 3178 negaba
278 3099 357 3161 milri
385 3111 456 3161 sunt
475 3098 636 3179 stipendia.
694 3098 818 3175 Velim,
849 3117 943 3177 opere
964 3110 1057 3180 quarn
1078 3099 1179 3161 verbis
1204 3109 1289 3159 tuam

144 3215 328 3267 monstrares
348 3204 511 3283 peritiam,
540 3217 569 3266 et
598 3216 679 3266 certe
700 3204 796 3280 lame,
831 3223 926 3284 quam
951 3223 1114 3264 summanr·
1129 3215 1158 3264 et
1191 3205 1289 3265 solam

143 3316 174 3365 et
196 3305 315 3366 unicam
337 3319 440 3385 optas,
457 3309 668 3386 longemaior
687 3308 745 3371 tibi
764 3309 914 3371 crevisset.

204 3471 656 3548 Constitelio‘couflalorum
692 3478 734 3549 D.
770 3477 929 3551 MARTlNl
962 3456 1227 3560 MELLERSTADT

243 3573 332 3672 circa
360 3574 611 3669 conclusionem
640 3579 934 3677 impertinentem„
957 3580 1017 3674 (X,
1040 3605 1074 3675 p.
1090 3581 1193 3673 202.)

228 3708 335 3771 Latius
352 3709 407 3771 ·hic
434 3709 578 3790 devagari
606 3733 684 3794 opus
708 3728 799 3792 esset,
829 3715 858 3778 si
884 3727 993 3777 crrncta
1021 3708 1282 3781 errata-acdicta

125 3813 254 3877 ·friv0la
274 3812 434 3876 confutare
454 3817 577 3892 vellem,
605 3838 686 3898 quae
706 3835 769 3878 non
790 3815 824 3898 in
843 3837 900 3877 me.
914 3819 1026 3892 aulum,
1046 3813 1202 3878 verum-in
1216 3810 1282 3870 fla·

143 3936 277 3991 uranum,
299 3915 501 3995 Avrcauuant,
526 3920 662 3985 Paruum
684 3937 723 3981 oa
745 3920 856 3980 Arauo
891 3926 1075 4001 cunctosque
1087 3915 1169 4004 artis
1189 3911 1287 3974 medi·

145 4034 197 4081 cae
214 4017 392 4096 peritiores,
425 4041 504 4102 quos
524 4023 624 4088 omnia
655 4019 824 4083 academiae
849 4020 984 4085 studiosa
1003 4032 1136 4084 vetustas
1157 4017 1227 4080 colit
1257 4028 1287 4076 et

145 4114 331 4195 admiratur,
352 4136 570 4187 commentatus
590 4145 639 4185 ea:
666 4125 699 4185 ni
722 4127 779 4186 hoc
801 4123 883 4184 milti
899 4141 1096 4203 persuasum,
1117 4122 1174 4180 has
1193 4118 1288 4180 irivo-

145 4220 190 4281 lat
218 4240 252 4298 cc
281 4219 398 4300 ineptas
418 4236 485 4287 tuas
508 4226 717 4291 cavillationes
736 4226 896 4288 ,neminem
918 4222 1106 4286 nisimentis
1132 4226 1289 4300 expertam

69 4408 74 4419 x
145 4326 633 4406 flcoevtvrvmauuibun-„Gnun
648 4328 794 4407 peritiam
816 4327 1011 4406 immimrere,
1030 4322 1163 4388 cum-de
1183 4342 1291 4402 super·
