2806 4800
613 225 688 296 269

76 407 364 483 comodideiectns,
386 430 422 472 eo
445 407 530 491 quod
552 409 643 470 unius
665 407 819 487 generatio
834 408 984 469 alterins·
1002 409 1223 488 corruptio-est

76 534 132 592 per
153 514 382 572 Anrsroresnss.
423 511 459 570 Et
479 512 513 590 ly
533 511 753 572 messario-in
774 521 861 572 textu
882 509 1070 571 Antoninus.
1083 531 1147 571 non
1165 509 1224 581 aa,

76 619 218 678 terminat
239 616 402 688 facientes,
430 612 483 674 sed
510 615 692 692 provenire,
706 615 788 675 ssore
809 614 859 675 vel
881 632 961 703 esse,
994 625 1047 674 aut
1067 617 1224 676 consimile
1313 635 1317 639 ’

78 738 256 798 expressum
279 718 409 778 uerbum
431 718 480 778 vel
492 717 724 778 cointellectum.
766 717 867 776 Mults
878 715 1223 795 praetereainspbsers

77 823 246 882 activorum
278 828 307 877 et
329 817 520 896 pessitomun
538 823 628 891 iunt,
650 817 710 877 ·in=
726 837 806 897 quae
836 818 955 877 coelum
986 816 1112 877 omnino
1142 817 1223 877 nihil

77 923 154 999 agit,
187 923 268 982 inter
295 939 374 1000 quae
395 919 593 1000 praecipuum
614 920 740 982 libertas
759 919 890 980 arbitrii·
908 930 965 993 et,=
978 919 1173 999 quibus-per·
1189 919 1223 981 id

78 1026 171 1084 homo
202 1018 394 1095 dominatur,
426 1021 559 1083 actiones
578 1023 741 1082 ‘humanae
773 1032 809 1082 et*
834 1017 873 1079 id.
893 1036 1005 1097 genunt
1035 1035 1224 1102 quapropter

77 1127 207 1206 sphaera
228 1123 397 1187 activorum
419 1136 450 1184 et
470 1124 663 1205 passivorum
685 1144 779 1205 quam
800 1121 950 1201 mundus,
970 1125 1223 1202 quemnemo·

77 1249 167 1290 esces
187 1225 288 1288 dixit
307 1225 484 1304 contignum
498 1227 654 1307 supernis
674 1225 864 1304 dationibus,
895 1225 1020 1291 ambitu
1049 1238 1098 1287 *est
1122 1229 1224 1290 latinia
1263 1223 1268 1233 ’

77 1331 264 1403 Eccecuius
277 1329 476 1408 ignorationis
492 1330 910 1407 insimulasAmsnorsnms.
951 1331 1129 1407 Bergamus.
1167 1344 1193 1379 ,τε
1209 1366 1223 1385 ι.

161 1434 219 1493 Sed
241 1433 278 1490 de
296 1453 328 1491 re
349 1431 499 1511 mamfocne
518 1445 572 1494 etc.
594 1466 637 1477 -
672 1431 758 1492 Dicis
780 1451 907 1506 verum,
925 1428 1059 1511 quiade
1086 1430 1224 1508 incogni-

77 1536 116 1595 tis
137 1556 171 1594 ac
187 1534 248 1597 ubi
268 1535 395 1595 omnino
416 1533 529 1611 ignotis
549 1557 606 1614 per
626 1534 832 1613 ignorantiam
855 1533 967 1595 frivole
988 1535 1094 1612 garris.

142 1640 235 1697 -Cum
256 1649 351 1697 autem
372 1639 479 1696 coelum
493 1649 546 1698 etc.
559 1670 602 1685 --
627 1636 700 1699 Sive
721 1634 760 1696 de
779 1636 940 1712 toto,·sive
961 1635 1000 1697 de
1019 1650 1107 1716 parte
1129 1638 1224 1699 verbe

79 1736 128 1796 tui
155 1735 346 1798 declaratorii
373 1751 556 1814 monstrant,
585 1739 674 1819 quasi
700 1739 807 1800 iacente
856 1739 959 1817 Agens
989 1759 1123 1820 namque
1152 1740 1223 1801 uni·

80 1841 195 1901 vernale
217 1840 335 1902 coelum
356 1858 410 1899 seu
436 1841 514 1899 coeli
541 1840 721 1915 influentia,
737 1854 781 1901 -et
810 1844 1089 1919 supra:correlario
1122 1845 1223 1922 primo

79 1944 210 2002 conclus.
233 1938 397 2015 secundae,
426 1954 616 2021 quapropter
645 1943 725 2001 hanc
752 1944 992 2018 revolutionem,
1018 1943 1101 2005 idem
1132 1947 1223 2006 etiam

78 2045 197 2104 coelum
216 2063 306 2105 causa
323 2054 368 2104 est
391 2043 597 2104 universitatis
617 2057 757 2106 motuum
779 2057 810 2105 st
830 2044 940 2124 pestis:
960 2043 1014 2105 se'd
1037 2057 1133 2106 totum
1156 2066 1224 2108 coe·

77 2148 142 2205 lum
153 2159 197 2207 est
213 2146 527 2222 casssaunitersitatis,
549 2166 622 2224 ergo
643 2159 675 2208 et
695 2147 798 2227 pestis,
819 2148 846 2209 si
867 2159 968 2208 tamen
980 2148 1045 2209 eius
1066 2169 1155 2209 musa
1168 2162 1224 2210 esta

108 2294 111 2299 »
164 2251 236 2308 Cum
263 2262 358 2310 autem
390 2251 544 2311 secuudum
571 2250 765 2324 Attanum
788 2262 843 2311 etc.
860 2281 925 2307 .··-1
953 2250 1138 2329 .Tripliciter
1164 2252 1225 2312 tibi

77 2350 135 2429 ipsi
147 2349 367 2412 contradixisti.
407 2352 513 2412 Primo
525 2349 609 2432 quod
630 2351 823 2413 insensibilis·
838 2363 868 2413 et
882 2349 1016 2429 modica,
1031 2354 1121 2433 quasi
1140 2357 1225 2415 nulla

77 2453 259 2532 qualitatum
291 2454 519 2515 manifestarum
547 2453 627 2514 aeris
663 2453 821 2529 alteratio,
847 2453 905 2513 ubi-
927 2456 1121 2517 {venenositas
1152 2477 1225 2518 con·

77 2557 190 2631 currit,
207 2567 326 2636 pestem
348 2570 459 2634 causet3
482 2552 568 2637 quod
587 2553 659 2616 ideo
679 2568 795 2627 constat
816 2556 937 2632 falsum,
956 2570 1024 2633 tum
1045 2556 1130 2638 quod
1145 2581 1224 2640 qua-

76 2657 174 2719 litates
196 2658 372 2720 manifestae
393 2657 552 2739 dispositio
577 2659 684 2719 ultima
706 2656 744 2717 ad
767 2660 1154 2740 occultem-proprietatem
1176 2682 1224 2722 se·

77 2759 176 2821 cunda
196 2762 326 2838 primo,
339 2779 412 2838 ergo
432 2773 504 2821 sunt
522 2760 663 2821 similiter
684 2761 726 2820 ab
748 2758 856 2822 eodem
868 2775 1001 2841 ›agente3
1032 2760 1087 2824 sed
1107 2763 1134 2822 si
1156 2763 1224 2824 lue·

76 2861 139 2922 rint
160 2858 296 2923 modicae
315 2875 346 2923 et
366 2863 570 2938 insensibiles,
587 2882 663 2924 non
683 2876 812 2943 possunt
835 2867 1012 2926 attremant
1033 2867 1224 2943 corporatis

76 2965 221 3037 alterare,
242 2975 277 3024 ut
300 2964 356 3026 his.
372 2963 481 3026 mediis
502 2976 601 3048 queat¹
618 2963 744 3029 dissolri
758 2966 869 3028 mixtio
890 2979 920 3028 et
940 2964 1094 3026 introduci
1107 2969 1224 3027 occulta

77 3065 247 3144 proprietas
278 3086 331 3127 seu
361 3068 492 3148 qualitas
522 3087 691 3143 venenosa,
723 3080 788 3127 tum
818 3065 951 3128 secundo
979 3067 1165 3127 insensibilis
1195 3083 1225 3130 et

77 3166 355 3244 modicus-lapsus,··
365 3169 455 3248 quasi
466 3170 644 3228 nullusnest
658 3165 963 3229 aninsadvertiturin
975 3165 1224 3245 dispositionibus

76 3269 211 3345 corporis
231 3269 333 3346 primo
354 3271 474 3345 techni,
496 3289 576 3346 ergo
589 3270 692 3329 minus
714 3267 805 3332 debet
822 3265 1035 3331 animadverti
1061 3269 1224 3348 incensis,

75 3371 257 3448 praesertim
278 3370 439 3447 incognitis
460 3369 596 3446 medico,
624 3370 680 3451 qui
709 3369 820 3432 dicitur
837 3372 1224 3451 sensitivus·;2etum:t'e1ti;o
1267 3403 1277 3416 =

77 3490 139 3530 non
159 3471 299 3533 obstante
320 3471 491 3547 insensibili
510 3484 540 3533 et
558 3469 679 3533 modico
700 3473 798 3553 lapsu·
810 3471 1223 3547 caliditatis.³'et·-humidita÷

76 3573 114 3634 tis
135 3592 190 3634 ver
210 3572 310 3634 nihilo
331 3572 569 3637 minus=dicitnr
596 3577 735 3653 naturale
763 3588 793 3638 et
821 3579 966 3658 aequales
983 3578 1222 3656 >ergorinsensi·

75 3676 146 3738 bilis
157 3689 186 3738 et
207 3674 347 3738 modicus
364 3679 478 3756 lapsus,
499 3680 715 3762 qnasinnllus
736 3693 995 3761 conpotem-esse
1017 3677 1151 3740 medium
1172 3681 1221 3739 in·

74 3775 255 3840 traducendi
274 3779 308 3838 in
328 3785 399 3841 stira
421 3801 604 3863 venenosam
626 3783 813 3863 qualitatem.
865 3783 921 3858 Et,
952 3795 991 3842 ut·
1013 3781 1155 3859 graviora
1175 3792 1222 3841 tn·

75 3904 168 3956 ceam,
188 3878 266 3962 quid
287 3881 321 3943 in
334 3884 431 3944 altero
452 3883 621 3962 exetnplari
631 3879 729 3964 (quod
742 3879 953 3962 suppressisti)
964 3881 1016 3942 bic
1027 3879 1221 3955 delirareras,

74 3983 197 4043 credens
219 3985 260 4042 ob
271 3984 479 4048 insensibilem
491 3987 674 4067 qualitatum
685 3983 766 4045 aeris
772 3985 1002 4061 altercationem
1016 3981 1221 4062 pestilentium

74 4086 197 4160 evulgo
208 4085 310 4160 putari
327 4083 481 4164 divinam,
502 4088 659 4152 brevitatis
677 4089 773 4166 gratia
786 4099 917 4150 nauseo.
935 4125 938 4132 ·
956 4083 1096 4148 &cundo
1116 4085 1222 4164 tibipsi

73 4181 474 4269 contradixisticoetfquod
500 4202 697 4270 sequeretur,
726 4189 812 4272 quod
833 4189 992 4258 manifesta
1021 4201 1050 4251 et
1065 4192 1222 4252 ,notabilis

72 4287 208 4351 illarum.
224 4287 409 4368 qualitatum
433 4293 680 4356 emmeno-(sins
706 4314 854 4357 concursu
876 4312 1048 4356 venenosae·
1067 4293 1221 4374 qualitatis
