2806 4800
670 267 745 336 259

122 458 225 535 leprae
246 455 295 514 vel
318 452 389 513 novi
412 450 511 513 morbi
532 448 592 511 dici
613 447 734 512 debent.
778 451 877 512 Nemo
899 453 979 512 enim
996 452 1069 517 dicit
1084 460 1268 521 solutionem

123 554 346 631 continuitatis,
358 573 449 633 ‘quae
470 572 692 634 nonnunquam
714 555 844 634 leprosis
865 552 989 629 accidit,
1022 559 1165 618 morbum
1194 581 1270 622 eun·

125 658 193 720 dem
215 660 336 735 leprae,
366 675 432 715 cum
462 656 547 734 lepra
571 658 697 719 morbus
716 657 831 738 figurae
860 659 899 719 sit
918 671 947 718 11
977 677 1037 719 uon
1060 661 1177 722 solutae
1197 683 1270 724 con·

125 760 285 822 ilnuitatis.
347 770 350 775 '

211 863 269 921 Sed
290 870 526 940 1111111111.-
568 861 699 921 Materia
727 863 831 940 leprae
852 863 884 921 in
907 863 955 923 sui
978 861 1107 924 exordio
1136 885 1198 926 non
1221 885 1271 927 re·

125 963 171 1042 pit
192 975 271 1024 certe
291 980 348 1040 per
375 972 530 1036 extrema,
562 959 615 1022 sed
647 963 819 1024 continetur
844 963 878 1022 in
910 964 1057 1024 membris
1084 965 1210 1029 internis
1241 980 1275 1029 11-

125 1065 291 1126 uisceribus
313 1075 435 1125 auctora
458 1064 627 1124 Avrcsrrn.
673 1112 676 1117 .

210 1171 392 1230 Amceurira
423 1173 507 1228 etiam
523 1190 676 1250 perperam
700 1181 756 1230 etc.
778 1202 818 1213 -
863 1169 947 1229 Heus
959 1210 968 1245 ,
997 1170 1089 1231 nimia
1113 1172 1271 1249 ingenium

124 1273 224 1336 Sutor
243 1272 361 1333 sortiris
383 1268 520 1331 acutum!
548 1269 703 1344 Diximus,
724 1271 934 1330 melancoliam
948 1290 1011 1331 non
1034 1274 1202 1332 naturalem
1224 1275 1273 1334 bi·

124 1372 235 1450 modo,
264 1374 471 1452 congelatione
493 1384 522 1433 et
544 1373 763 1451 putrefactione
784 1373 915 1448 scilicet,
943 1371 1077 1456 (duobus
1098 1375 1180 1436 enim
1201 1378 1274 1456 plu·

124 1497 172 1537 res
195 1474 301 1559 babet)
319 1477 353 1536 iu
375 1476 683 1557 ttniversumcorpus
713 1474 847 1536 diffundi
877 1489 907 1538 et
932 1477 1111 1538 concinnare
1141 1480 1273 1539 morbos.

126 1578 161 1638 ld
181 1591 216 1639 tu
237 1579 348 1640 falsum
367 1599 407 1640 eo
427 1592 607 1657 argumento
629 1582 790 1642 coniectas:
816 1601 887 1640 uam
909 1581 1000 1640 etiam
1022 1583 1198 1643 melancolia
1220 1603 1275 1642 na-

128 1682 234 1742 turalis
253 1695 354 1762 potest
382 1679 528 1743 conficere
555 1684 691 1760 lepram,
726 1702 799 1760 ergo
828 1703 988 1763 perperam
1021 1683 1214 1760 allegaverim
1241 1681 1274 1744 id

128 1802 217 1860 agere
245 1784 374 1860 geminis
408 1781 507 1844 modis
535 1785 744 1846 melancoliam
777 1804 839 1845 non
875 1787 1053 1846 naturalem.
1104 1784 1164 1846 Sed
1193 1783 1275 1846 trude

128 1887 223 1947 infers
250 1887 313 1947 vim
336 1885 429 1945 buius
457 1887 646 1963 argumenti,
667 1907 684 1944 a
709 1888 800 1946 trulla
830 1885 867 1946 ad
891 1888 992 1948 focum
1014 1908 1068 1948 seu
1092 1889 1208 1966 pariete
1235 1883 1275 1945 ad

128 1984 262 2051 tectum?
306 1987 386 2047 Hinc
406 1987 553 2066 profecto,
574 2006 630 2047 nec
650 1985 789 2064 aliunde3
812 2008 882 2047 nam
905 2009 1030 2068 compar
1045 1991 1092 2049 illi
1112 2010 1174 2050 non
1195 1992 1275 2051 valet

127 2089 313 2153 consecutio:
332 2089 460 2150 Simonis
482 2089 629 2149 Prsrorus
651 2090 684 2148 in
706 2087 855 2150 medicina
871 2090 971 2168 prima
992 2089 1145 2150 conclusio
1165 2089 1274 2151 adver·

127 2214 178 2255 sus
203 2195 406 2254 Laouroruuar
437 2190 576 2253 dissentit
614 2213 631 2251 a
663 2191 853 2272 quibuslibet
884 2189 1010 2252 medicis
1044 2191 1275 2270 probatissimis,

128 2315 200 2373 ergo
220 2291 351 2356 secunda
372 2307 401 2356 at
421 2295 511 2356 tertia
533 2314 596 2355 non
618 2293 809 2355 dissentiunt.
863 2295 916 2354 Est
936 2314 1069 2375 namque
1091 2315 1198 2355 verum
1219 2314 1274 2354 au·

127 2395 351 2459 teredens'sine
373 2408 593 2477 consequente,
629 2395 772 2478 quando,
794 2407 828 2456 ut
850 2408 930 2456 certe
950 2394 1150 2472 ostendimus,
1170 2417 1274 2457 omnes

125 2513 186 2560 tres
210 2519 307 2580 aeque
329 2496 530 2574 dissentiunt,
559 2499 668 2578 sibipsi
692 2495 900 2560 contradicunt
928 2510 957 2558 et
979 2499 1019 2558 ab
1043 2498 1276 2579 Hippocratico·

125 2622 194 2663 rum
217 2601 353 2663 virorum
376 2601 524 2662 sententia
545 2621 671 2680 prorsus
701 2613 772 2662 stant
804 2601 936 2676 alienae,
968 2613 1195 2683 testanturque,
1227 2604 1276 2663 sui

125 2719 277 2765 auctorem
301 2723 364 2763 esse
385 2701 537 2763 medicum
559 2701 739 2779 cognomine
761 2713 836 2775 arte,
861 2717 921 2760 arna
934 2702 1023 2761 litera
1042 2704 1113 2780 plus
1129 2723 1163 2761 ac
1182 2723 1274 2782 opere

125 2809 290 2886 pistorem,
311 2802 457 2864 adversus
478 2824 570 2885 quem
592 2805 772 2864 nouaclum
794 2802 867 2865 dira
889 2804 1032 2880 numina,
1053 2802 1106 2865 sed
1128 2807 1275 2868 11111111-

128 2920 216 2968 ronta
240 2924 348 2965 censeo
369 2904 568 2968 movendum.
600 2905 867 2987 respergamus.

214 3013 257 3072 De
276 3012 357 3070 nodis
377 3033 474 3071 reuera
497 3024 549 3073 etc.
574 3047 617 3058 -
660 3012 761 3074 Nixus
793 3033 843 3087 es,
877 3026 997 3090 accepto
1029 3013 1275 3090 experimento-a

127 3109 233 3187 nodis,
266 3131 344 3194 quoa
376 3113 408 3172 in
430 3117 562 3192 aegrotis
592 3128 647 3175 tuo
678 3113 792 3174 iudicio
832 3112 1079 3193 deprehendisti,
1107 3126 1275 3174 monstrare

127 3214 559 3297 concremationem-qood
580 3217 708 3277 morbus
728 3217 853 3294 gallicus
867 3214 905 3276 de
928 3216 992 3274 sola
1011 3216 1187 3275 melancolia
1203 3230 1275 3274 con·

127 3319 282 3378 cinnatur:
303 3317 514 3396 opposuimus,
536 3330 602 3377 tum
623 3316 709 3399 quod
733 3329 822 3396 caput
844 3329 873 3378 st
895 3314 1144 3397 origonodorum
1164 3317 1275 3396 pituita

127 3432 188 3493 est,
211 3432 276 3480 tum
300 3417 401 3501 quod,
434 3420 559 3492 utvitta,
581 3421 780 3500 pruriginosi
801 3440 863 3482 non
893 3431 981 3495 suut,
1012 3431 1042 3480 et
1069 3419 1160 3481 tertio
1189 3418 1273 3500 quod

126 3541 216 3582 omna
237 3521 270 3580 in
292 3521 469 3582 universum
489 3519 602 3587 dictum
626 3544 684 3604 pro
706 3545 758 3600 eo,
788 3523 872 3607 quod
894 3523 1102 3605 frequentius,
1128 3521 1273 3582 famosius

127 3637 155 3685 et
167 3624 269 3703 potius
291 3638 349 3701 est,
365 3625 519 3704 imprimis
528 3629 638 3711 cuique
656 3629 738 3690 venit
757 3629 790 3688 iu
804 3640 947 3702 urentem,
968 3639 998 3688 et
1013 3625 1191 3707 praesertim
1204 3642 1272 3683 cum

127 3749 226 3809 ntrper
244 3725 355 3810 (priori
373 3731 521 3790 sententia
543 3731 673 3816 mutata)
697 3732 877 3793 concesseris
899 3731 932 3790 in
955 3731 1064 3790 morbo
1086 3729 1194 3807 gallico
1208 3744 1272 3783 ma·

125 3834 218 3892 teriae
242 3830 457 3893 diversitatem.
501 3830 578 3907 Quis
601 3836 695 3913 igitur
718 3833 791 3917 (uisi
805 3848 923 3896 astutus
945 3829 1111 3912 divinator)
1125 3827 1272 3903 intelliget

127 3932 222 3994 nodos
244 3935 452 3996 melancolicus
472 3937 505 3997 iu
531 3941 639 4000 morbo
665 3939 790 4016 gallico,
823 3957 956 4018 quorum
985 3944 1153 4014 proventus
1169 3948 1271 3990 corto

126 4038 197 4095 albo
218 4049 261 4097 est
279 4038 400 4100 rarior?
445 4038 515 4116 Quo
537 4045 638 4103 minus
659 4054 796 4115 attento,
822 4036 1006 4098 multiformi
1034 4048 1064 4096 et
1084 4033 1192 4092 insana
1217 4044 1270 4093 tua

127 4138 251 4195 censura
272 4155 445 4219 metantes,
466 4148 593 4221 laceras,
613 4157 759 4208 rexaset
783 4142 950 4205 calumnias
975 4159 1112 4221 quasque
1131 4136 1209 4197 mihi
1228 4137 1272 4197 ir·

125 4255 223 4314 rugas.
274 4236 302 4301 0
330 4242 638 4325 nugatormaligue,
675 4269 694 4307 o
722 4243 953 4307 medieomastix
982 4238 1162 4321 impudens,
1192 4237 1273 4297 nibil

126 4340 279 4402 sst³te=iu
308 4339 456 4404 medicina
481 4345 650 4424 indoctius,
679 4349 760 4409 nihil
787 4344 968 4429 imperitius.
1021 4339 1197 4405 Dolendum
1226 4338 1272 4399 e'st

923 4459 987 4520 rr*
