2806 4800
687 38 697 71 b

707 221 783 298 138

171 422 336 494 separatos,
356 432 424 474 cunr
447 408 600 495 quidquid
622 413 654 473 in
677 433 713 475 eo
734 413 935 493 Hippocrates
954 409 1058 488 docet,
1079 430 1141 474 non
1163 413 1202 474 sit
1222 412 1321 488 aliud,

172 539 266 600 quam
290 518 391 580 brevis
411 519 559 603 sententia
588 530 724 597 separata
753 529 783 577 et
814 515 952 596 decerpta
983 519 1022 577 ab
1053 519 1108 591 iis,
1137 514 1176 578 de
1204 518 1321 598 quibus

172 588 283 693 diffl-
303 623 336 682 in
366 624 434 684 aliis
454 624 602 704 loquutus
632 634 685 683 est.
738 619 849 702 Neque
876 619 1079 681 accedendum
1112 621 1253 701 opinioni
1275 635 1321 685 est

171 745 292 801 eorum,
324 727 380 811 qui
405 723 547 788 traditam
567 718 646 785 inibi
673 723 853 786 medicinam
876 724 1043 807 opinantur
1070 726 1102 784 in
1129 723 1320 786 ordinariam

171 828 360 905 doctrinam,
381 827 419 890 de
441 850 503 912 qua
524 829 556 889 in
580 829 760 908 microtegni
782 827 891 889 Galeni
923 830 1041 907 agitur:
1070 849 1141 888 nam
1164 826 1319 911 quidquid

171 934 216 993 ibi
235 946 286 994 aut
310 953 439 1014 usquam
460 932 535 994 alibi
555 933 689 994 Galenus
710 934 858 1014 loquutus
878 942 923 993 est
941 928 981 992 de
1000 928 1156 995 ordinaria
1168 928 1321 1008 doctrina,

171 1034 203 1097 id
227 1047 323 1098 totum
344 1037 466 1099 retorsit
493 1036 527 1098 in
560 1036 796 1100 confutationem
828 1034 968 1116 imperiti
997 1047 1029 1097 et
1059 1034 1159 1097 insani
1191 1037 1320 1114 Tessali,

165 1137 284 1201 idiotae
303 1153 333 1202 et
354 1139 550 1215 circulatoris,
571 1140 637 1223 qui,
657 1152 742 1203 ratus
762 1160 794 1201 se
816 1158 937 1202 ornnem
958 1137 1072 1199 habere
1092 1134 1277 1203 medicinam
1289 1155 1320 1205 et

171 1262 240 1303 cum
263 1243 407 1324 Apolline
427 1263 545 1320 nrusas,
567 1243 721 1322 pollicitus
743 1254 804 1318 est,
826 1241 923 1320 ipsam
944 1239 1081 1303 semestri
1097 1239 1199 1319 spatio
1210 1238 1320 1311 meere

170 1366 276 1426 posse3
310 1368 403 1429 quem
436 1367 504 1408 cum
526 1348 661 1409 Galenus
696 1345 780 1406 mille
808 1345 841 1405 in
863 1345 938 1406 locis
959 1341 1124 1407 medicinae
1146 1344 1319 1423 imperitiae

170 1470 299 1528 arguere
327 1451 444 1532 potuit,
480 1451 537 1511 hoc
565 1450 663 1529 veluti
693 1448 835 1511 humanis
865 1448 984 1510 viribus
1011 1447 1234 1517 rationabiliter
1257 1449 1318 1517 ins·

129 1627 136 1637 ,
171 1553 335 1633 pugnavit,
367 1551 545 1631 ostendens,
575 1538 737 1634 praecipue
757 1553 838 1614 inter
859 1553 947 1617 initia
967 1553 1040 1615 artis
1061 1573 1192 1632 parvae,
1221 1549 1319 1620 usedi-

171 1659 269 1719 cinam
291 1678 355 1722 esse
384 1678 486 1721 veram
512 1658 667 1720 scientiam
697 1669 726 1721 et
747 1677 810 1719 non
832 1657 1048 1719 circulatricem
1075 1669 1181 1738 atque,
1197 1675 1320 1748 vanam,

171 1774 264 1842 prout
284 1775 358 1824 sunt
374 1761 591 1836 necromantia,
612 1762 784 1840 geomantia
806 1772 837 1822 et
858 1773 972 1825 ceterae
986 1762 1160 1843 harumque
1178 1759 1317 1823 omnium

170 1865 317 1946 primaria
345 1861 513 1928 divinatrix
541 1865 720 1943 astrologia,
750 1863 791 1926 de
819 1866 933 1947 quibus
963 1867 1074 1941 etiam,
1100 1865 1252 1939 siiuvst,
1270 1865 1319 1927 ri·

171 1970 243 2033 deas
270 1969 468 2033 Plutarchum
490 1969 523 2029 in
552 1966 680 2030 Caesare
714 1980 743 2033 ct
765 1966 975 2031 Alexandrum
995 1970 1027 2030 in
1050 1968 1167 2048 topicis.
1219 1969 1320 2031 Potest

170 2076 297 2153 insuper
317 2072 475 2151 ingenium
497 2085 583 2134 tuum
606 2084 635 2134 et
654 2070 761 2132 iudicii
783 2072 916 2151 pravitas
937 2093 977 2135 ex
999 2093 1035 2134 eo
1056 2071 1212 2151 cognosci,
1233 2070 1319 2156 quod
1368 2136 1373 2146 ,

171 2174 354 2257 persuadere
381 2176 500 2254 conaris
529 2177 670 2256 gallicum
707 2176 850 2237 morbum
883 2197 948 2237 esse
980 2177 1110 2238 similem
1140 2176 1184 2249 ei,
1225 2197 1319 2258 quem

172 2283 290 2360 lepram
312 2281 406 2357 vulgo
426 2281 599 2358 appellant,
624 2280 812 2359 praeclarum
834 2280 951 2360 quippe
972 2277 1121 2341 dialectici
1138 2279 1317 2361 philosophi

172 2387 346 2458 inventum,
369 2383 454 2464 quod
476 2405 531 2445 nec
551 2386 688 2447 aniculae
706 2383 833 2468 quidem
853 2383 999 2461 dicerent,
1024 2407 1079 2448 nec
1100 2384 1315 2465 empiricorum

173 2489 354 2572 quisquam,
376 2485 460 2568 quod
483 2500 591 2549 natura
610 2489 764 2568 primum,
784 2509 855 2549 cura
878 2490 1037 2568 proxime,
1066 2490 1243 2551 morborum
1265 2486 1311 2567 ip·
1375 2565 1381 2573 Ν

172 2611 277 2654 sorum
301 2587 422 2651 diversa
435 2588 602 2671 descriptio·
613 2592 703 2654 tertio
724 2590 865 2654 ostendit.
910 2591 1042 2653 Morbus
1058 2593 1184 2668 gallicus
1196 2600 1316 2670 nempe,

172 2696 248 2756 sicut
271 2695 329 2754 alia
353 2691 522 2774 epidemia,
543 2715 561 2754 a
582 2715 670 2755 causa
692 2705 737 2756 est
757 2692 938 2768 universali,
955 2705 1079 2773 potente
1098 2694 1212 2757 scilicet
1229 2713 1318 2774 agam

172 2799 206 2856 in
227 2816 348 2857 omnem
371 2797 531 2877 physicam
560 2799 735 2875 materiam3
758 2798 857 2876 lepra
893 2805 997 2857 autem
1029 2797 1079 2858 vel
1104 2818 1145 2859 ex
1174 2809 1318 2879 corrupto

173 2899 305 2962 nascitur
336 2899 450 2959 semine
479 2899 621 2978 genitali,
653 2901 704 2963 vel
725 2895 831 2961 accidit
860 2897 945 2960 varie
965 2918 1005 2958 ex
1027 2898 1082 2975 iis,
1115 2919 1318 2983 quaecwque

172 3014 295 3083 peccant
316 3001 457 3064 homines
477 3001 643 3064 secundum
665 3000 817 3078 diaetam,
846 3003 1007 3083 praecipue
1027 3005 1235 3082 'generativam
1255 3025 1319 3067 me·

171 3107 351 3184 lancholiae,
372 3127 434 3168 non
451 3108 550 3170 omnis
565 3120 678 3183 tamen,
700 3105 754 3170 sed
773 3105 950 3168 retorridae.
993 3109 1123 3188 lasup'er
1137 3111 1224 3188 lepra
1235 3128 1317 3171 mor·

173 3212 229 3271 bus
244 3217 296 3272 'est
315 3211 507 3289 incurabilis,
538 3213 630 3290 aluo
656 3232 730 3273 vero
751 3211 859 3290 gallica
879 3211 984 3270 saltem
1006 3231 1080 3272 carra
1108 3211 1246 3289 regulari
1263 3208 1318 3273 ad·

173 3312 271 3372 hibita
294 3316 390 3375 multa
418 3315 580 3375 hominum
609 3315 695 3376 milia
719 3325 824 3375 curata
856 3323 936 3373 sunt.
992 3312 1110 3376 Rursus
1139 3307 1320 3375 describitur

172 3416 257 3493 lepra
280 3417 425 3491 morbus,
447 3418 502 3499 qui
525 3418 559 3481 fit
577 3440 617 3480 ex
640 3417 859 3492 melancholia,
890 3437 996 3496 sparsa
1025 3415 1151 3503 quidem
1182 3437 1240 3496 per
1272 3429 1318 3476 to·

173 3529 238 3577 tum
271 3535 398 3594 corpus,
430 3517 484 3578 sed
512 3519 577 3580 sine
597 3521 818 3599 putrefactione
846 3519 935 3583 tertia
964 3519 1084 3603 quarti,
1116 3530 1244 3579 tractatu
1264 3519 1317 3579 lll.

173 3640 237 3699 cap.
262 3620 298 3695 l3
319 3615 372 3679 sed
393 3630 493 3680 autem
516 3621 642 3698 gallicus
664 3623 807 3699 morbus,
828 3637 921 3704 prout
941 3623 1061 3701 saepius
1079 3619 1223 3691 diximus,
1245 3612 1317 3698 (po.

173 3723 243 3784 sitio
263 3741 389 3804 quoque
410 3734 464 3783 tua
481 3720 515 3784 id
536 3724 629 3784 habet
650 3721 799 3809 docetque
821 3728 866 3788 rei
888 3721 1095 3805 experientia)
1119 3741 1317 3801 nequaquam

172 3827 239 3887 sine
258 3826 481 3907 putrefactione
501 3839 563 3903 est,
593 3829 735 3909 quamvis
754 3817 790 3892 in
808 3831 866 3913 hoc
887 3826 1071 3911 proterviree
1084 3819 1318 3903 respondendo·

173 3927 266 3990 Nulla
288 3950 359 4009 ergo
381 3930 561 3992 morborum
582 3931 707 3993 illorum
727 3933 915 4011 similitudo,
936 3934 1021 3994 nulla
1041 3929 1182 4010 cognatio
1204 3927 1320 3988 minor·

174 4053 236 4114 que
257 4036 416 4114 proportio
447 4055 539 4117 quam
558 4036 671 4098 huius:
703 4037 806 4099 Homo
836 4049 882 4099 est
901 4038 1023 4114 asinum
1054 4033 1093 4096 ad
1126 4053 1190 4095 rem
1224 4045 1320 4094 extra.

173 4133 240 4199 ssd.
258 4149 292 4198 ut
310 4135 398 4200 aliud
417 4137 624 4220 indiligentiae
645 4153 717 4203 tuae
736 4153 951 4219 argumentum
963 4160 1134 4219 agnoscas,
1163 4157 1227 4219 quo
1249 4156 1320 4197 con·

174 4253 221 4302 tra
242 4239 400 4303 dominum
423 4244 628 4306 Leonicenum
649 4264 811 4325 perperam
830 4263 931 4322 nem,
944 4242 1095 4321 ¹pituitam
1111 4244 1220 4303 salsam
1233 4258 1322 4318 proce

174 4343 278 4407 sertim
304 4345 470 4429 aliquando
506 4347 662 4410 aratoriam
697 4348 763 4411 tore
794 4349 897 4411 morbi
925 4346 1041 4425 gallici,
1080 4346 1189 4408 resciae
1219 4345 1318 4407 velina
