2806 4800
622 222 693 297 123

89 420 242 490 patrante.
279 405 332 471 Fit
353 405 496 487 expulsio
519 390 651 485 eorum,¹
673 425 753 490 quae
774 415 900 468 nattrrea
919 415 992 468 sunt
1012 425 1128 483 nocua,
1157 423 1228 466 cum

88 500 270 575 fortitudine
296 521 422 571 naturae
456 510 637 590 expellentis
666 507 706 570 ad
737 508 924 591 longinqua,
953 505 1095 570 videlicet
1119 517 1229 582 cutem,

89 635 169 697 quae
190 609 357 676 secundum
377 612 498 690 expulsi
517 624 658 674 naturam
686 613 854 687 ulceratus,
884 621 1107 690 apostematur,
1136 610 1230 670 variis

89 713 223 795 denique
245 711 403 777 doloribus
423 711 570 789 afficitur,
596 713 684 794 signo
705 712 831 798 quidem
853 714 936 777 bono
962 709 1051 798 (quia
1072 712 1232 794 praevale·

89 815 198 878 scentia
219 813 369 896 naturae),
388 834 476 875 eausa
497 815 587 876 mala.
660 874 668 889 x

174 917 223 978 Ex
243 918 293 979 his
311 913 506 978 inferendum
524 927 580 992 est,
603 898 779 983 non'unius
799 918 917 996 generis
930 918 1073 982 materiae
1093 917 1150 977 has
1167 931 1231 976 este

89 1019 225 1097 pustulae
244 1030 276 1079 et
295 1019 412 1090 ulcere,
431 1037 487 1078 nec
506 1028 588 1078 certo
608 1036 698 1096 posse
717 1016 811 1078 locari
831 1019 980 1098 capitulo;
1012 1017 1065 1081 scd
1085 1016 1233 1081 reuelato

90 1118 248 1194 materiae,
292 1137 333 1178 ex
359 1128 485 1200 qua->et
515 1114 701 1194 adustionis,
728 1137 791 1178 non
822 1117 950 1200 quidem
981 1119 1073 1179 nimis
1099 1121 1233 1180 multum

88 1217 261 1296 adurentis,
289 1219 436 1282 saevioris
455 1231 573 1297 umen,
601 1238 696 1302 quam
716 1220 750 1280 in
771 1221 871 1282 scabie
888 1223 1007 1301 vulgari
1027 1235 1080 1284 aut
1099 1223 1234 1304 pruritu,

88 1321 292 1401 imprimentis
322 1318 498 1384 diversitate
527 1319 562 1382 fit
581 1320 743 1382 nominum
764 1318 817 1405 (dc
840 1323 954 1405 quibus
974 1323 1053 1383 nihil
1073 1320 1114 1382 ad
1136 1320 1236 1387 medi-1¹

89 1421 183 1505 cum),
203 1425 294 1487 etiam
316 1444 407 1486 curae
427 1424 565 1488 variatio.
607 1425 765 1485 Praeterea
777 1425 818 1484 ob
838 1424 983 1485 materiae
1003 1424 1233 1488 multitudinem

89 1525 121 1585 in
142 1538 209 1589 toto
229 1548 358 1608 corpore
377 1541 409 1590 at
427 1529 571 1591 omnibus
589 1529 750 1605 membris,
781 1529 872 1591 tertia
892 1527 1059 1608 digestione
1085 1542 1233 1613 tanquam

89 1629 191 1691 minus
210 1643 313 1711 aptam
334 1651 353 1691 a
373 1643 484 1692 natura
504 1630 688 1708 derelictam,
706 1629 743 1692 fit
762 1651 819 1712 per
843 1631 946 1693 omnia
965 1635 1104 1696 membra
1124 1644 1235 1712 pustu-

88 1733 205 1792 larum,
223 1731 366 1811 expulsio
394 1729 561 1794 secundum
592 1733 709 1797 variam
743 1734 887 1798 materias
921 1747 1079 1814 naturam,
1112 1753 1234 1817 semper

92 1829 218 1913 quidem
238 1830 373 1895 adustae.

240 2019 296 2079 De
324 2015 474 2080 medica
498 2019 764 2100 applicatione
792 2041 854 2083 seu
885 2019 1081 2084 antidotis.

178 2143 252 2202 Post
279 2157 438 2199 causarum
458 2137 559 2200 morbi
586 2139 872 2218 contemplationem
900 2141 997 2205 activa
1023 2141 1152 2221 passivis
1181 2141 1235 2206 de·

94 2241 158 2303 bite
176 2242 477 2321 applicare-intentio
498 2253 558 2319 est,
577 2242 699 2321 primo,
718 2262 758 2304 ns
778 2245 894 2307 malum
916 2244 1125 2325 superveniat,
1146 2265 1235 2325 prac-

93 2343 232 2419 munire,
253 2340 401 2420 secundo,
423 2343 450 2404 si
470 2344 641 2405 humanum
662 2364 773 2426 corpus
792 2347 853 2407 hoc
875 2348 991 2407 malum
1011 2345 1166 2425 inciderit,
1187 2369 1237 2410 re·

92 2464 210 2524 parare.
266 2441 376 2519 Quoad
404 2446 682 2526 prosternationem
722 2447 828 2507 oculus
859 2447 1008 2509 habeatur
1034 2445 1074 2507 ad
1103 2466 1158 2509 sex
1185 2469 1235 2509 res

92 2566 155 2607 non
176 2547 345 2622 naturales,
365 2567 445 2628 quae
464 2558 537 2607 sunt
556 2555 627 2622 aer,
647 2547 733 2608 cibus
756 2560 786 2608 et
806 2559 914 2628 potus,
943 2569 1067 2610 somnus
1098 2560 1127 2610 et
1158 2549 1236 2628 vigi-

92 2649 153 2726 lia,
182 2663 284 2712 motus
304 2663 334 2712 et
357 2650 459 2732 quies,
485 2651 617 2712 inanitio
645 2662 677 2712 et
706 2651 835 2730 repletio
872 2663 902 2712 et
920 2649 1087 2712 accidentia
1108 2652 1237 2728 animae,

84 2749 126 2823 id
147 2764 209 2826 est,
228 2752 384 2832 passiones
404 2753 537 2828 animae,
558 2753 620 2830 ira,
641 2752 781 2829 tristitia,
806 2752 900 2814 timor
920 2765 976 2814 etc.
1019 2753 1154 2814 Dimisso
1167 2757 1237 2814 ae're

93 2851 202 2936 (quem
223 2852 312 2931 pauci
331 2849 497 2914 admodum
518 2849 698 2931 advertunt,
726 2855 777 2917 vel
798 2853 975 2936 qualitatem
991 2855 1062 2916 eius
1082 2854 1237 2916 subterlu-

94 2976 165 3036 gare
190 2953 362 3040 nequeunt)
388 2953 428 3017 de
455 2957 524 3018 cibo
544 2953 690 3032 dicimus,
720 2957 859 3038 quinon
880 2957 919 3018 sit
939 2959 1052 3032 salsus,
1073 2976 1136 3017 non
1155 2975 1239 3015 ama·

93 3080 164 3134 rus,
184 3078 246 3120 non
268 3072 445 3136 eructuosas,
476 3079 532 3119 nec
563 3058 714 3121 excesdve
747 3056 861 3134 dulcis,
891 3077 954 3118 non
984 3070 1106 3131 acutus,
1135 3074 1238 3136 neque

93 3160 184 3222 nimis
215 3183 352 3241 grossus:
392 3181 432 3222 ex
460 3161 510 3220 his
544 3161 626 3218 enim
660 3161 806 3220 humores
834 3158 994 3233 eveniunt,
1022 3159 1081 3216 hoc
1100 3137 1239 3235 tempore

94 3264 176 3323 hunc
194 3265 340 3324 morbum
360 3263 519 3322 minantes.
570 3260 691 3319 Horum
712 3259 862 3320 rationem
884 3256 983 3318 dicere
1003 3260 1130 3336 longum
1152 3264 1238 3320 esset.

93 3367 227 3444 Vigiliae
248 3361 374 3422 modum
396 3359 576 3422 excedentes
597 3362 743 3424 humores
765 3375 933 3440 exacuunt,
954 3367 991 3425 ul
1008 3360 1162 3426 adustioni
1181 3368 1239 3444 pal

93 3466 221 3528 ratiores
239 3462 323 3524 fiant.
374 3463 559 3523 Exercitium
587 3460 713 3545 quidem
744 3465 860 3526 bonum
892 3477 921 3528 et
949 3466 1089 3542 salubre,
1122 3463 1175 3528 sed
1204 3466 1238 3528 in

95 3588 221 3649 corpore
243 3565 463 3646 cacochymico,
483 3565 544 3625 hoc
560 3576 614 3639 est,
635 3565 728 3643 pleno
748 3565 836 3627 malis
858 3565 1051 3643 humoribus,
1071 3565 1132 3628 nisi
1151 3566 1238 3646 prius

94 3666 275 3732 mundatum
295 3669 408 3743 fuerit,
429 3667 521 3748 plura
542 3671 622 3729 mala
643 3665 745 3730 educit
764 3679 795 3731 et
815 3670 939 3747 excitat,
965 3664 1173 3751 quotl‘quiete
1193 3668 1239 3726 la·

94 3773 215 3844 tuisset,
246 3789 372 3832 movens
400 3779 432 3829 et
452 3789 515 3830 non
537 3768 677 3831 educens.
726 3771 833 3832 Simile
859 3769 897 3831 de
916 3771 1029 3830 balneo
1055 3769 1090 3828 in
1111 3786 1239 3846 corpore

95 3870 272 3934 immundo:
301 3869 355 3933 sed
385 3890 539 3932 summum
567 3874 601 3932 in
622 3873 682 3932 hoc
702 3873 813 3932 morbo
832 3871 984 3947 studium,
1013 3867 1239 3952 quod-malunt

95 3976 192 4037 estin
212 3992 359 4053 corpore,
379 3992 545 4049 evacuare,
572 3973 738 4054 praemissa
768 3974 1022 4053 contemplatione
1052 3972 1239 4053 complexio·

96 4076 161 4152 nis,
181 4078 303 4152 aetatis,
325 4096 434 4153 sexus,
457 4096 591 4160 quorum
613 4075 786 4138 diversitate
806 4075 950 4136 materiae
969 4074 1119 4154 peccantis
1139 4076 1239 4137 varie·

96 4190 188 4239 tatem
209 4177 323 4237 habere
343 4197 521 4256 possumus,
548 4179 575 4240 si
593 4180 658 4240 ulla
679 4179 718 4240 sit
738 4178 878 4240 humoris
905 4175 1031 4238 malitia.
1081 4176 1239 4239 Coniiccre

97 4279 179 4340 enim
200 4290 337 4357 oportet,
365 4282 392 4341 si
418 4281 531 4364 aliquis
559 4283 593 4342 in
614 4299 742 4362 corpore
761 4277 800 4342 ad
824 4282 902 4343 hanc
922 4277 1143 4361 aegritudinem
1164 4294 1237 4358 pro·
