2806 4800
719 207 767 280 76

168 392 301 458 Vitanda
323 409 394 460 sual
415 396 527 461 cibaria
554 407 658 459 acaaloa
680 398 854 477 generantia
875 393 1200 473 oumommdoooa,
1221 411 1310 476 groe-

166 518 216 560 coa
236 511 267 560 el
287 501 570 580 putrescibilem-ut
591 520 701 580 cepae,
721 501 839 576 allimn,
860 518 1004 579 porrum,
1025 498 1189 579 simplum,
1209 519 1310 562 arom.

167 598 279 665 Omnia
298 605 430 665 mullum
453 605 550 677 eaba,
569 622 676 665 omnea
697 603 811 683 apeciea
831 602 1012 663 aromaticae
1032 603 1166 663 mollum
1194 601 1312 666 calidae

168 719 195 768 el
215 704 330 784 dulcia,
359 707 492 789 quaein
514 704 610 767 calida
631 705 842 786 complexione
864 704 990 766 lacililer
1016 704 1050 764 in
1078 706 1210 766 coleram
1237 725 1310 768 oon·

166 821 346 887 verlunlur,
384 824 414 873 et
442 811 574 872 mullum
612 809 741 890 pinguia
769 805 892 870 vitanda
919 819 1008 884 aunl3
1050 820 1080 868 et
1109 807 1246 869 butirum
1280 822 1311 870 et

35 900 38 905 .
100 988 101 992 ,
164 915 283 989 oleum,
306 912 432 996 quando
453 913 687 995 aupermleliunt
715 914 747 974 in
768 912 1042 988 minutim-nocent
1062 911 1214 985 multum,
1234 907 1309 993 qu„

165 1016 198 1076 in
224 1027 365 1081 neumam
391 1018 519 1081 aulfuria
550 1031 786 1081 convertuntur:
815 1035 886 1078 caro
915 1014 1055 1076 omnium
1075 1013 1256 1074 animalium
1275 1013 1309 1076 in

165 1116 317 1201 decrepita
336 1135 433 1184 aetate
459 1121 673 1198 existentium,
701 1121 834 1182 maxime
865 1138 990 1194 eorum,
1021 1138 1101 1199 quae
1132 1113 1246 1178 calidae
1278 1129 1310 1185 el

164 1223 257 1285 siccae
276 1236 347 1286 aunt
368 1224 599 1304 complexionis,
624 1221 748 1286 vitanda
769 1235 829 1285 eat:
848 1241 918 1284 caro
940 1221 1046 1296 boum,
1066 1240 1238 1296 caecarum,
1263 1221 1311 1283 les

164 1345 286 1405 porum,
308 1345 467 1388 cervorum
487 1325 686 1408 antiquorum
703 1335 732 1385 el
750 1341 913 1404 porcorum
927 1323 1014 1384 calita
1026 1323 1075 1384 vel
1086 1341 1149 1384 non
1161 1322 1259 1400 salita,
1280 1333 1310 1384 et

165 1448 234 1490 caro
244 1429 440 1507 aaaffumigala
451 1441 480 1491 et
491 1429 629 1491 omnium
641 1428 744 1490 avitam
758 1427 790 1488 io
801 1427 890 1509 aquis
902 1425 1087 1506 degentium.
1126 1427 1192 1487 Hae
1204 1446 1310 1488 omnes

164 1529 260 1593 deirae
279 1544 351 1594 aunt
371 1529 563 1612 digentiooia,
592 1551 731 1612 groeaum
763 1543 793 1592 et
824 1531 1053 1591 melancolicam
1074 1541 1219 1608 generant
1239 1535 1318 1591 san·'

163 1634 297 1713 guinem.
339 1633 420 1697 Caro
438 1655 495 1715 per
514 1636 695 1697 uacationem
714 1634 846 1695 mullum
868 1634 1025 1710 exciccaln
1045 1634 1222 1713 precamina
1233 1634 1309 1696 eiua

86 1749 88 1753 ’
164 1752 272 1816 cauam,
294 1751 324 1802 et
344 1760 414 1802 caro
436 1741 516 1801 frixa
538 1752 583 1802 cat
605 1737 739 1802 vitanda.
782 1739 819 1800 Et
839 1739 962 1818 sanguia
983 1739 1016 1799 io
1038 1739 1089 1800 via
1108 1738 1188 1814 cibi,
1207 1737 1309 1819 quali·

163 1855 331 1925 teneamque
341 1855 551 1924 praeponatur,
571 1843 700 1905 vitetur:
725 1861 795 1902 nam
811 1842 944 1920 sanguia,
964 1842 1092 1922 propria
1108 1842 1212 1904 exiam
1226 1859 1308 1916 vaca,

163 1967 248 2008 aaua
264 1947 324 2009 cito
346 1950 493 2009 alleratur
505 1959 625 2023 natura,
645 1948 723 2010 sicut
743 1947 790 2006 lac
802 1957 973 2026 clepenma.
1018 1945 1133 2007 Caroea
1151 1945 1211 2007 aiat
1230 1945 1309 2004 hoc-

162 2047 284 2126 dorum,
305 2051 483 2128 vitulorum,
507 2071 656 2131 agnorum
671 2070 735 2112 oon
754 2050 858 2130 partui
878 2050 1065 2128 vicinonom3
1085 2067 1189 2111 caroea
1201 2059 1308 2109 lauro·

162 2171 233 2212 rum
252 2151 416 2229 iuvenum,
437 2166 616 2229 mutonum‚
637 2155 794 2234 leporum,
825 2153 1047 2232 capriolorum,
1078 2169 1238 2213 cervorum
1254 2149 1309 2210 iu·

162 2273 276 2313 venum
298 2255 459 2333 pinguium
485 2275 549 2316 non
579 2268 681 2315 lamen
710 2255 771 2315 aiot
799 2255 832 2314 in
863 2254 1016 2335 lacquenti
1037 2273 1112 2330 uao,
1143 2257 1219 2335 quia
1237 2271 1308 2313 mn·

161 2355 285 2432 guinem
306 2368 449 2434 gencranl
470 2357 708 2418 melancolicum.
759 2357 806 2416 Ex
827 2357 1005 2418 volatilibus
1032 2355 1093 2417 aiot
1114 2374 1217 2416 carnea
1234 2356 1308 2435 pol·

161 2462 263 2520 lorum
285 2461 482 2539 gallinarum,
504 2482 654 2542 caponum
676 2461 841 2535 iuvenum,
861 2457 1039 2540 perdicum,
1069 2458 1308 2520 faeiaoommel

161 2563 290 2623 aliarum
312 2561 415 2623 ovinam
445 2564 479 2624 in
499 2566 678 2626 nemoribus
700 2577 731 2626 et
751 2564 846 2644 prolia
876 2562 1061 2642 degentium.
1115 2559 1198 2623 Caro
1220 2561 1308 2625 elixa

161 2665 271 2726 melior
291 2683 349 2744 pro
368 2684 451 2727 nunc
471 2679 516 2728 eal
537 2687 627 2727 carne
646 2667 777 2727 mullum
809 2677 906 2727 aaaata
935 2677 966 2726 ct
986 2664 1143 2725 exsiccata·
1194 2663 1309 2728 cama

160 2770 337 2847 praeparari
356 2783 485 2850 poscunt
505 2772 538 2832 io
558 2782 669 2832 acalale
690 2791 759 2832 cum
788 2780 871 2830 aceto
900 2769 1055 2848 paaaulalo
1083 2786 1148 2828 non
1175 2769 1306 2830 multum

161 2869 243 2945 forti,
265 2871 315 2932 vel
335 2891 404 2931 cum
423 2885 556 2950 agresta,
572 2875 623 2935 vel
635 2872 708 2934 vino
720 2870 869 2945 herberia,
889 2871 940 2932 vel
954 2869 1022 2930 aliia
1037 2868 1129 2929 rebus
1142 2867 1263 2947 frigidis
1277 2881 1308 2932 ct

160 2969 302 3049 acelosia;
324 2971 434 3034 hiemia
456 2986 594 3055 tempore
616 2994 684 3034 cum
705 2985 787 3034 aceto
812 2992 875 3034 non
907 2971 979 3033 soni
1002 2983 1032 3032 et
1052 2971 1211 3052 speciebus
1229 2984 1307 3035 lum-

160 3072 272 3152 peratis
279 3116 288 3150 ,
307 3094 370 3136 noo
393 3077 525 3138 mullum
547 3073 661 3136 calidis.
712 3075 761 3137 Sic
783 3087 813 3136 et
835 3071 1001 3134 earundem
1031 3071 1167 3133 carnium
1196 3071 1306 3144 brodia

159 3178 336 3256 praeparari
358 3193 496 3258 poaeunt.
539 3180 618 3257 Lac,
638 3192 707 3241 cum
728 3181 767 3242 ait
787 3178 884 3239 facilia
906 3176 1128 3256 corruptionis,
1149 3196 1218 3238 cum
1239 3176 1306 3238 aliia
1398 3220 1400 3224 .

159 3290 278 3339 nonest
292 3281 475 3344 uomendum
489 3285 575 3361 olbia,
598 3282 651 3348 aed
673 3285 722 3348 cui
742 3286 842 3366 placet
862 3294 892 3343 et
904 3281 1106 3364 quiaaauetue
1125 3295 1172 3344 eat
1189 3301 1230 3344 eo
1251 3282 1306 3357 uli,

161 3391 260 3440 suamet
281 3381 397 3444 bonum
419 3387 564 3449 hanutum
585 3385 717 3448 calidum
741 3385 780 3448 de
801 3407 837 3447 eo
859 3405 949 3446 mane
968 3405 1027 3465 par
1047 3384 1307 3448 trenorcium

160 3479 281 3557 cibum,
303 3483 488 3563 imponendo
507 3485 661 3549 modicum
683 3486 721 3549 de
743 3491 806 3550 aale
827 3490 876 3551 vel
902 3506 1054 3549 auctaru-
1090 3486 1204 3547 Caeeue
1224 3490 1307 3556 mol·

160 3593 226 3642 tum
247 3595 385 3647 calmet
411 3590 508 3651 aalaua
537 3587 633 3651 durae
661 3602 706 3655 eat
736 3588 913 3670 digestionis
921 3633 930 3666 ,
957 3607 1069 3670 parum
1095 3586 1208 3662 aunit,
1237 3606 1302 3648 om·-

160 3696 288 3765 ruplum
309 3701 432 3766 generat
451 3691 631 3768 humorem,
662 3713 760 3775 quare
780 3691 937 3757 vitandus:
962 3691 1003 3752 eit
1024 3705 1097 3765 crgo
1112 3704 1217 3747 aeaeae
1239 3706 1303 3748 me·

160 3786 230 3852 diue
251 3790 331 3852 inter
353 3812 468 3855 novum
491 3808 520 3858 et
541 3808 690 3873 veterem,
721 3799 802 3859 inter
823 3779 946 3861 mollem
967 3805 999 3856 et
1015 3790 1145 3866 (lorum,
1174 3807 1238 3852 non
1259 3791 1305 3850 le·

162 3891 224 3968 via,
245 3891 298 3955 aed
319 3891 524 3974 ponderosus,
544 3919 656 3979 parum
677 3903 791 3976 aalma,
814 3902 918 3962 bolino
939 3919 1002 3962 non
1023 3897 1170 3979 privatus·
1225 3895 1304 3955 Bm·

162 3990 248 4054 dium
269 4016 309 4058 ex
330 3998 413 4059 bono
434 4019 520 4062 caaeo
541 4016 756 4082 praeparatum
780 4003 972 4083 conceditur3
1005 4002 1067 4064 alia
1085 4018 1161 4061 vero
1191 3997 1305 4060 cibor-ia

161 4117 202 4156 ex
223 4116 308 4158 maeo
330 4100 406 4161 lacta
427 4115 499 4164 aunt
515 4105 621 4167 'minua
642 4125 723 4166 aena.
778 4104 846 4170 Ova
866 4106 949 4167 frixa
970 4119 1000 4167 et
1022 4126 1081 4168 ova
1101 4124 1157 4184 per
1181 4102 1306 4165 aeneio·
1356 4120 1360 4126 ·

164 4217 233 4260 nem
260 4200 389 4261 mullum
418 4201 560 4267 indurata
589 4218 618 4267 el
649 4228 707 4268 ova
729 4209 812 4270 venti
839 4221 911 4270 aunt
943 4207 1085 4272 vitanda:
1122 4207 1306 4287 gallinarum

165 4321 224 4364 oua
246 4300 325 4363 elixa
354 4305 483 4367 tremaala
513 4310 562 4372 uel
583 4309 616 4370 in
649 4330 729 4392 aqua
763 4312 856 4370 lracla
880 4323 950 4371 aunt
973 4312 1071 4388 bona3
1107 4321 1138 4372 et
1159 4310 1198 4370 :ai
1226 4326 1307 4369 nunc
