2806 4800
241 1005 416 1080 Univcrsis
442 1006 583 1080 medicis
605 1011 738 1080 SYMON.
757 1008 926 1135 PISTORIS
953 1007 1108 1105 salutem
1124 1008 1216 1082 dicit.

724 1130 771 1161 δ’·

681 1148 771 1204 ,ι”ὲ

158 1261 257 1395 Cum
279 1353 378 1412 nuper
399 1343 429 1394 et
459 1331 543 1394 iussu
579 1345 609 1396 et
640 1331 832 1398 ordinatione
852 1334 967 1396 Decani
994 1331 1128 1395 medicae
1148 1332 1300 1393 facultatis

157 1431 537 1527 quaestipneprqttaodam
558 1437 712 1528 collectam
736 1450 766 1498 et
787 1437 987 1523 examinatam
1010 1435 1207 1517 disputarem,
1227 1453 1300 1494 con·

157 1512 310 1603 clttsioneti
327 1507 546 1612 strietidffia
559 1512 600 1606 ,eti
613 1512 682 1607 ‘siin
702 1516 872 1612 sdsofi'stici
882 1530 1073 1617 cesmmtms'
1086 1524 1130 1615 iti
1139 1520 1300 1617 fufidit'orio

156 1640 280 1726 publico
299 1637 434 1700 florentis
454 1636 549 1700 studii
568 1640 736 1719 Lipsiensis
757 1639 941 1721 disputative
963 1642 1152 1716 sustinerem,
1173 1638 1298 1722 quidem

157 1741 417 1822 impatientissime
439 1741 919 1824 oppmtebalss'''1igo²'durtrtex
940 1757 1004 1804 arte
1032 1764 1103 1805 eum
1129 1740 1301 1824 quidquam

156 1847 320 1904 allaturum
349 1840 434 1904 haud
462 1865 570 1923 parum
593 1858 816 1925 exspectarem,
841 1845 899 1906 tuli
926 1843 987 1928 (uti
1017 1841 1157 1924 audistis)
1192 1846 1301 1926 utique

158 1969 212 2007 nec
240 1968 336 2026 pauca
369 1934 687 2023 modeste,'⁴1dseaa',l
702 1942 886 2009 eumaeum,
903 1940 1070 2026 invehendi
1098 1959 1128 2007 et
1154 1945 1301 2007 turbandi

65 2055 67 2060 '
158 2069 251 2130 quam
273 2046 401 2110 docendi
427 2049 525 2128 gratia
546 2051 641 2128 magis
663 2047 767 2111 adesse
789 2047 1055 2110 consideravissem
1082 2048 1300 2129 vocabulisque

158 2153 290 2211 multum
310 2148 507 2231 intenderc,-5·
518 2164 618 2232 nsque
638 2149 1005 2237 inconvenienssnpienti
1023 2149 1189 2228 sapientem
1207 2169 1301 2229 super

156 2255 282 2314 veritate
304 2248 507 2311 contradicere
527 2249 824 2326 animadvertissem,
852 2251 946 2310 immo
972 2252 1110 2326 ratione,
1139 2271 1202 2312 non
1223 2252 1301 2314 rixis

157 2354 312 2434 disputare
333 2346 459 2428 debere,
485 2353 592 2432 patrois
621 2340 651 2414 st
681 2340 834 2414 tonniis?
849 2349 896 2437 (ni
911 2342 1022 2437 sitlos)
1040 2352 1300 2428 contradicebam,

156 2477 257 2538 neque
279 2453 394 2529 maius,
423 2472 516 2533 quant
537 2471 604 2512 mea
623 2452 736 2531 positio
760 2473 833 2514 suae
857 2452 1007 2515 contraria
1027 2453 1198 2531 videretur,
1226 2456 1299 2515 alle-

156 2569 257 2635 garet,
290 2575 359 2615 enm
388 2574 443 2614 nec
465 2550 641 2632 Apollinem
662 2544 746 2629 iore,
765 2550 844 2615 'ersi
861 2553 1065 2618 contradicere
1096 2575 1159 2617 noo
1188 2556 1301 2630 liceret,

156 2653 373 2730 animadverti,
402 2655 497 2715 immo
519 2674 620 2736 neque
647 2674 705 2733 pro
727 2675 799 2716 vero
829 2678 898 2716 eum
930 2655 1092 2718 colendum
1120 2659 1299 2718 statuebam.

91 2830 93 2833 v
156 2761 256 2837 Magis
281 2756 413 2838 denique
434 2759 521 2819 iuxta
548 2758 700 2836 insignem
725 2756 893 2820 doctrinam
917 2759 1126 2822 Consiliatoris
1155 2757 1300 2819 differen-

62 2889 64 2895 ¹
157 2863 199 2922 tia
231 2860 471 2933 CLXXXVIII,
508 2859 547 2922 de
574 2863 669 2924 verbo
697 2863 892 2944 squinancia,
922 2883 1007 2924 suam
1039 2862 1299 2924 nomenclaturam

157 2984 267 3044 parum
289 2959 415 3023 adverti.
465 2962 569 3042 Inquit
598 2983 731 3045 namque
758 2964 828 3039 ille,
857 2965 1015 3025 nominum
1043 2961 1178 3025 studium
1196 2982 1301 3023 rerum

156 3080 200 3128 est
222 3065 418 3144 negligentia,
447 3077 475 3125 et
498 3064 704 3145 pertinacibus
735 3063 859 3126 medicis
889 3086 983 3146 quam
1004 3063 1148 3126 studiosis
1172 3084 1243 3125 reor
1264 3084 1300 3124 ea

156 3165 369 3230 committenda
387 3168 492 3246 magis.
531 3165 645 3228 Audiat
666 3188 773 3246 precor
788 3179 817 3229 et
839 3169 935 3230 nostri
960 3169 1091 3230 (inntens
1113 3167 1302 3247 apertissima

157 3270 250 3329 verba
270 3269 370 3347 primo
393 3266 431 3328 de
452 3267 633 3331 differentiis
655 3271 819 3348 pulsuum,
848 3267 922 3331 dum
945 3271 1064 3353 inquit:
1095 3271 1175 3331 nihil
1194 3287 1301 3330 rutstts

157 3388 256 3447 neque
277 3379 442 3440 scrutarer,
476 3382 580 3429 utrum
601 3370 728 3448 proprie
764 3391 804 3430 an
828 3371 997 3451 improprie
1019 3392 1127 3435 vocare
1159 3372 1210 3434 vel
1230 3390 1302 3449 per·

157 3479 274 3527 mutare
295 3467 438 3541 nomina,
464 3469 542 3531 sicut
567 3471 674 3550 utique
703 3485 798 3549 agunt
826 3475 999 3552 sophistae;
1035 3475 1190 3552 superflua
1220 3471 1302 3530 enim

157 3567 259 3629 omnia
279 3568 353 3626 haec
373 3577 403 3626 et
425 3578 511 3627 extra
532 3581 666 3630 nostram
687 3583 800 3632 artent:
830 3593 893 3633 non
918 3574 998 3632 enim
1019 3576 1180 3632 nominum
1205 3570 1302 3630 scien-

158 3669 217 3742 tia,
238 3666 290 3728 sed
310 3685 431 3743 rerum,
452 3686 554 3750 neque
576 3687 644 3743 eos,
672 3670 808 3750 quinon
831 3674 989 3732 nominant
1017 3672 1113 3745 bene,
1134 3656 1181 3730 nad
1205 3665 1303 3725 medi-

158 3792 208 3832 cos
230 3772 354 3832 mittunt
373 3771 530 3849 homines,
552 3769 605 3833 sed
627 3790 693 3847 eos,
715 3773 771 3854 qui
793 3775 919 3834 sanitate
940 3770 1087 3851 indigent.
1130 3771 1168 3832 Et
1187 3764 1303 3849 pariter

157 3873 246 3935 tertio
268 3873 350 3951 tegni
373 3883 499 3934 tractatu
522 3873 706 3954 penultimo.

242 3975 324 4037 Haec
351 3979 377 4038 si
398 3978 554 4039 notissima
571 3978 762 4053 recoluisset,
782 3977 855 4040 satis
877 3999 908 4038 se
930 3975 1099 4056 sophistam
1119 3985 1303 4056 agnosceret.

157 4076 233 4138 Suae
256 4077 310 4157 qui
337 4077 479 4141 viderunt
511 4077 699 4163 quandoque
725 4081 909 4160 positiones,
943 4091 1092 4161 quantum
1126 4075 1304 4142 nominibus

160 4177 226 4256 ipse
247 4175 413 4253 studuerit,
433 4178 582 4257 iudicent,
603 4200 668 4241 oro.
712 4181 986 4244 Grammaticorum
1007 4182 1081 4240 hacc
1103 4195 1188 4243 sunt:
1211 4199 1304 4259 quam

163 4277 341 4359 profitemur
371 4280 462 4342 ambo
493 4283 680 4359 facultatem,
712 4283 821 4346 altiora
849 4268 990 4364 poscere,
1027 4283 1178 4344 nentinem
1212 4283 1305 4340 latere
