2806 4800
672 215 745 331 tat

133 407 250 469 foetore
273 416 302 488 et
324 405 399 468 ssatu
419 402 501 468 venti
524 401 697 467 deferentis.
748 398 852 465 Radix
880 413 980 465 autent
1003 402 1144 482 superior
1173 422 1231 481 per
1251 423 1287 465 se

133 510 392 590 regenerationis
412 529 519 586 catssa3
548 529 604 588 per
625 504 763 569 accidens
788 491 890 567 atttem
911 504 1119 568 mediantibus
1146 505 1286 584 peregri·

134 617 183 677 nis
209 612 462 693 impressionibus
489 621 520 671 et
548 610 615 671 aliis
644 607 752 670 mediis
789 609 1014 688 corruptionem
1049 607 1183 680 cattssri,
1220 628 1285 669 non

135 729 179 780 est
197 716 358 778 occultum.
409 713 506 772 Immo
526 718 579 772 aar
606 723 650 773 est
673 711 853 774 universalis
886 732 991 786 causa,
1022 707 1284 793 quemadmodum

134 828 281 880 monstrat
302 814 477 877 coniunctio
498 811 740 893 ponderosorum
768 813 802 874 in
824 812 996 892 triplicitate
1015 833 1129 894 aquen,
1157 832 1214 890 per
1233 813 1284 872 in-

135 920 315 982 undationes
335 919 400 980 a‘e'ri
430 939 559 998 vapores
589 919 733 978 miscens:
768 937 831 998 qaia
858 913 1020 995 putredine
1049 927 1186 991 causata,
1214 916 1284 979 uai-

136 1024 283 1085 versalem
296 1035 415 1101 pestem
428 1034 538 1081 cattsat.
581 1021 698 1081 Verum
720 1019 846 1080 veritate
863 1020 959 1082 rictus
979 1018 1011 1078 in
1031 1030 1085 1080 tuo
1109 1031 1282 1080 commento

135 1127 207 1188 satis
227 1125 432 1188 consensistis,
456 1125 587 1186 alterum
615 1123 706 1185 etiam
734 1123 832 1184 Picum
861 1141 918 1202 pro
950 1119 1123 1184 testimonio
1151 1121 1197 1182 rei
1226 1117 1282 1182 asl-

137 1227 286 1291 ducebas.-

149 1384 279 1481 scires
307 1416 561 1482 correlariuut
589 1416 757 1496 primum
787 1411 955 1491 elittsdem
979 1412 1268 1485 conclusionis„

577 1517 671 1598 (Vlll,
695 1540 726 1597 p.
740 1518 836 1596 146.)-

223 1634 375 1701 Oasnibus
395 1656 454 1717 pro
480 1638 622 1716 plurimis
652 1658 789 1717 pressum
818 1636 989 1716 comperio:
1026 1636 1149 1698 volebas
1179 1647 1281 1696 autem

38 1739 49 1754 ⁸
137 1738 244 1820 ntique
264 1735 383 1818 aliquid
404 1735 569 1813 adducere,
595 1759 696 1819 neque
724 1738 847 1805 valuisti
867 1758 965 1798 meam
988 1737 1192 1800 'intentionem
1213 1739 1282 1799 vul·

135 1842 320 1920 gatissimam
344 1839 509 1903 dinoscere.
554 1841 741 1922 sicamque
762 1842 855 1920 pestis
879 1843 944 1903 sola
971 1840 1130 1901 influentis
1156 1839 1281 1903 unirer·

135 1945 193 2006 sali
211 1956 403 2020 causaretur,
431 1945 516 2004 nulla
536 1957 732 2006 concurrente
754 1943 930 2023 particulari
960 1963 1061 2017 causa,
1092 1943 1281 2003 instantauee

136 2047 225 2128 quasi
250 2044 362 2120 fieret,
384 2043 461 2105 sicut
490 2056 575 2106 ortus
603 2045 676 2106 solis
703 2064 796 2105 traam
822 2056 851 2105 et
879 2041 1006 2104 eandem
1035 2041 1228 2104 latitudinem
1251 2059 1280 2106 et

133 2146 358 2226 longitudinem
377 2147 579 2222 habentibus,
610 2148 696 2208 cuius
718 2145 903 2207 contrarium
931 2145 1119 2224 apertissime
1147 2159 1280 2211 constat:
1342 2132 1345 2140 ¹

134 2249 274 2316 videmus
294 2250 375 2310 enim
403 2251 620 2310 successionem
649 2247 686 2310 de
705 2250 829 2328 regione
850 2249 882 2310 in
903 2248 1059 2326 regionem
1092 2250 1124 2311 in
1145 2263 1230 2328 peste
1249 2264 1280 2314 et

133 2355 244 2416 morbo
275 2362 414 2412 currente
448 2364 574 2431 propter
603 2353 832 2432 particularium
869 2373 1029 2415 causarum
1065 2355 1280 2418 interventum.

134 2457 276 2535 Namque
304 2454 378 2514 latio
410 2455 482 2514 solis
509 2456 596 2534 prius
622 2468 742 2517 noctem
772 2469 916 2538 quartum
947 2458 1035 2520 clima
1069 2460 1279 2521 habitantibus

135 2559 235 2633 facit„
252 2575 346 2638 qtram
366 2569 487 2617 sextum
507 2559 557 2620 vel
576 2559 757 2638 septimum:
790 2572 890 2623 causat
912 2582 1045 2644 namque
1073 2561 1279 2624 diversitatem

132 2657 331 2722 latitudinum
351 2657 497 2732 varietas,
528 2672 678 2740 quantum
706 2674 806 2723 autem
837 2685 877 2723 cx
906 2675 992 2742 parte
1012 2665 1089 2724 coeli
1110 2666 1280 2745 aequaliter

133 2759 228 2821 fieret.
291 2756 352 2820 Sed
384 2757 516 2821 latitudo
545 2775 589 2824 est
619 2784 679 2824 tina
710 2761 748 2824 de
779 2765 973 2826 terrestribus
1002 2765 1115 2840 causis,
1146 2764 1278 2836 secunda

134 2861 242 2942 primi:
277 2878 372 2940 quare
402 2863 529 2939 planum
552 2878 614 2940 est,
640 2866 786 2928 interiora
807 2889 1002 2943 concurrere,
1036 2889 1136 2950 neque
1158 2872 1277 2931 coelum

134 2965 234 3026 solum
255 2963 331 3025 ltaec
351 2983 490 3040 causare,
519 2965 604 3046 quod
624 2967 700 3030 falso
722 2967 850 3051 quidam
870 2972 1048 3034 astronomi.
1066 2993 1199 3036 asserere
1226 2994 1277 3039 co·
1327 2955 1333 2966 ’

132 3067 198 3130 nati
220 3079 308 3130 snat:
339 3064 449 3129 medici
469 3088 542 3130 vero
565 3069 653 3131 aliter
683 3073 826 3135 sentiunt.
881 3071 971 3148 Quod
1005 3076 1082 3138 utilti
1107 3078 1214 3138 obiicis
1238 3071 1285 3136 de‘

132 3171 306 3251 spontaneis
314 3197 324 3245 ,·
346 3191 456 3250 parum
485 3186 545 3249 est,
576 3195 650 3263 cum
667 3177 794 3239 ruateria
823 3179 1023 3255 elementalis,
1053 3180 1150 3242 virtus
1178 3181 1275 3242 activa

132 3273 369 3353 passimque-ia
391 3274 435 3336 eis
457 3289 595 3340 contenta
616 3281 807 3359 particularis
828 3283 944 3362 agentis
965 3282 1062 3345 vicem
1090 3283 1136 3344 ibi
1159 3295 1275 3344 teneat:

132 3374 205 3436 satis
215 3392 287 3451 erga
298 3374 400 3450 claust,
418 3377 483 3437 sine
493 3381 664 3453 eletneatali
677 3385 802 3447 materie
814 3399 929 3464 pestem
941 3406 1094 3468 nusquam
1104 3385 1179 3460 fieri,
1190 3383 1275 3466 quod

133 3485 163 3536 et
181 3493 238 3550 ego
261 3468 455 3535 intendebam
476 3481 608 3558 pariter,
638 3497 667 3546 et
687 3487 946 3567 philosophorum
968 3492 1091 3552 scholae
1112 3488 1275 3551 clamitant.

134 3659 246 3722 Circa
267 3661 530 3741 correlarium,
545 3664 717 3729 eiusdem
731 3670 1017 3739 ‚conclusionis
1039 3673 1134 3749 (Ylll,
1148 3671 1274 3750 p.l47.)

219 3776 299 3840 Cum
320 3777 526 3856 ostenderem,
548 3783 664 3846 utalaam
684 3785 821 3848 francam
843 3789 958 3849 babere
977 3806 1096 3857 causam
1117 3783 1273 3868 quandam

131 3880 307 3945 malivolam
339 3894 370 3945 et
398 3881 698 3962 incognitametiam
719 3886 855 3964 medico,
882 3889 916 3949 ia
949 3899 1098 3969 quantum
1123 3889 1211 3963 talis,
1244 3903 1274 3952 et

131 3985 212 4044 ultra
237 3983 361 4046 morbos
379 3983 511 4051 aestivos
538 3988 627 4051 tertia
648 3993 1013 4070 particula-numeratos,
1033 4011 1102 4052 cum
1130 3992 1165 4053 lti
1183 4013 1273 4071 saepe

131 4081 209 4143 fiant
236 4095 266 4145 et
287 4084 345 4146 cito
365 4099 512 4164 pereunt,
546 4091 590 4153 uti
610 4105 705 4155 autea
719 4092 856 4170 ostendi,
881 4108 915 4156 tu
936 4090 1139 4156 conmadicere
1159 4116 1272 4175 posses

131 4183 278 4262 Apertam
298 4188 454 4250 veritatem
475 4191 643 4255 illsniatam
663 4195 744 4261 serre
770 4195 856 4261 harad
880 4196 1024 4278 potuisti:
1052 4210 1157 4276 aperte
1185 4219 1272 4259 aaut·

133 4307 195 4368 que
213 4296 337 4351 testatus
356 4302 401 4352 est
422 4292 581 4362 Artemam
598 4298 691 4384 ‚tertia
712 4301 825 4381 primi,-
841 4299 980 4364 doctrina
1000 4299 1117 4384 quinta,
1139 4301 1271 4381 capituto

368 4486 393 4519 ,ι
