2806 4800
134 941 453 1011 Biarnmomnos
486 945 648 1029 STEBER,
687 941 890 1014 Viennensis
928 943 1143 1031 Pannoniae,

69 1056 191 1129 artium
214 1076 246 1130 et
269 1057 459 1132 medicinae
486 1059 618 1148 doctor,
643 1064 818 1147 Btttccm,
844 1061 1040 1159 praeposito
1068 1060 1206 1149 Ciliaco,

68 1173 189 1247 artium
217 1201 401 1274 sacraeque
436 1175 625 1274 theologiae
660 1177 866 1276 professori,
899 1177 1205 1282 inclitigymnasii

330 1318 333 1323 ·
346 1294 549 1369 Viennensis
576 1295 726 1368 Rectori.
740 1291 942 1392 magnifico,

422 1550 425 1555 ’
527 1533 725 1630 'Salutem
775 1616 778 1623 Ι

65 1638 229 1786 Rogatus
250 1729 269 1767 a
288 1703 474 1788 quibusdam
495 1706 556 1764 moi
576 1704 806 1779 amantissimis,
835 1705 945 1766 Rector
966 1701 1140 1783 magnilica,
1167 1699 1206 1762 de

66 1811 190 1884 morbo,
210 1829 317 1889 quem-
324 1807 466 1884 gallicum
485 1803 607 1879 dicunt,
635 1825 734 1866 meam
759 1805 869 1866 afferre
896 1807 1091 1879 sententiam,
1119 1805 1208 1865 novi·

65 1921 128 1971 tate
151 1909 200 1970 rei
223 1929 258 1968 ac
286 1904 719 1986 magnitudineperterritus,
746 1903 858 1982 (divini
887 1906 969 1965 enim
994 1903 1113 1986 aliquid
1145 1923 1208 1964 non

65 2010 222 2070 immerito
240 2009 315 2069 hiric
336 2007 427 2071 aetati
448 2017 569 2067 nostrae
590 2001 730 2063 inaudito
751 2003 850 2064 inesse
869 2003 1027 2087 putabam)
1048 2027 1142 2084 supra
1161 2005 1208 2066 vi·

65 2110 251 2188 res'ingenii
269 2109 331 2169 mei
349 2107 388 2169 de
408 2109 464 2169 illo
476 2103 593 2188 aliquid
613 2101 726 2164 audere
736 2104 922 2177 existimans,
944 2107 1089 2187 virosque
1105 2107 1209 2168 claris-

66 2213 160 2274 simos
176 2222 284 2274 'rerum
304 2231 417 2285 causas,
435 2193 585 2291 qnantum
607 2207 727 2270 homini
747 2206 787 2268 de
806 2210 925 2287 superio
947 2211 1022 2272 scire
1042 2209 1147 2272 datum
1159 2211 1209 2285 sit,

66 2311 104 2372 ad
127 2333 261 2390 unguem
281 2314 479 2392 percellentes
494 2332 607 2392 neque
629 2312 791 2372 mussitare
820 2310 939 2393 aliquid
968 2310 1006 2374 de
1023 2330 1068 2373 ea
1097 2334 1131 2373 re
1161 2315 1209 2375 vi·

68 2410 141 2474 dena
162 2427 208 2490 et,
228 2415 254 2475 si
276 2411 444 2495 aliquando
464 2433 575 2492 parum
595 2413 708 2474 sentire
729 2411 912 2491 coepissem,
933 2411 1043 2492 pedem
1064 2416 1208 2490 referens,

10 2500 14 2507 ¹
65 2515 169 2593 potius
185 2514 355 2594 prudenter
375 2528 492 2590 tacere,
523 2535 617 2595 quam
638 2515 808 2576 temeritate
834 2513 966 2596 quadam
988 2537 1038 2577 me
1062 2515 1208 2578 ridiculo·

65 2635 323 2696 sumexponere,
343 2617 438 2694 magis
459 2618 632 2676 consultum
655 2618 819 2696 putabam,
847 2617 907 2678 nisi
934 2615 1208 2695 perditissimorum

65 2717 277 2800 quorundam,
312 2719 424 2780 vilium
458 2719 710 2799 abiectorumqua
737 2717 900 2779 hominum
934 2714 1074 2793 audacia,
1104 2731 1142 2780 ut
1168 2718 1208 2780 ad

65 2827 206 2900 coeptum
226 2817 374 2896 redirem,
403 2818 482 2879 mihi
502 2818 688 2880 occassionem
710 2817 851 2880 dedisset.
878 2827 880 2831 '
901 2815 964 2892 Qui
992 2816 1107 2880 nedum
1136 2823 1208 2901 plri-

63 2923 224 3001 losophiae
244 2922 345 3002 prima
364 2919 538 2982 rudimenta
557 2920 750 2998 ignorantes,
780 2941 889 2984 verum
910 2921 1099 2998 primorum,
1128 2943 1208 3002 quae

63 3023 286 3106 praerequisita
306 3035 392 3098 sunt,
415 3025 635 3083 elementorum
655 3035 812 3101 expertes,
832 3042 895 3082 non
909 3023 1071 3082 hominum
1092 3023 1209 3096 adutis,

65 3124 118 3186 sed
132 3128 210 3188 aeria
227 3125 410 3206 congerendi
424 3125 631 3206 explendique
642 3125 758 3186 ventris
771 3125 877 3202 gratia,
898 3123 1017 3183 miseris
1029 3126 1088 3184 hoc
1100 3125 1209 3184 morbo

64 3231 172 3307 gallico
193 3230 311 3289 afflictis
332 3229 423 3288 unico
434 3225 572 3287 antidoto
592 3224 646 3308 (de
666 3222 791 3284 medicis
811 3225 890 3284 forte
907 3223 1019 3284 alicubi
1037 3224 1146 3285 furtim
1160 3246 1209 3285 ac·

64 3326 192 3410 quisito)
208 3327 326 3388 mederi
340 3339 549 3406 praesumunt,
572 3326 817 3401 saneiactantes,
841 3345 873 3387 se
887 3323 964 3407 quid
977 3327 1083 3388 secreti
1096 3327 1209 3388 habere

29 3467 33 3471 -
63 3425 103 3488 ad
118 3429 197 3487 hanc
210 3425 451 3506 propulsandam
471 3424 591 3487 foedam
609 3424 841 3505 aegritudinem,
861 3425 995 3505 medicis,
1020 3426 1122 3511 quoad
1137 3451 1208 3491 cau·

62 3549 144 3604 sam,
165 3549 297 3610 prorsus»
315 3530 509 3607 incognitam.
552 3529 616 3592 Nec
639 3531 732 3590 callam
753 3549 810 3592 nos
831 3551 922 3610 opem
943 3532 1001 3591 hac
1020 3528 1210 3610 aegritudine

63 3632 373 3693 laborantibualerre
394 3651 501 3711 posse,
527 3630 671 3693 audacter
690 3632 871 3713 nequissimi
890 3634 1035 3692 clamant
1079 3633 1210 3693 Tantam

63 3730 197 3792 medicae
218 3732 538 3811 artisprofossoribus
565 3753 605 3793 ex
626 3733 828 3811 spurcissimis
860 3733 1037 3793 hominibus
1066 3744 1129 3792 tam
1149 3731 1209 3790 ini-

64 3853 158 3912 quam
178 3831 245 3892 lieri
265 3834 434 3908 inlamiam,
455 3831 571 3917 (utpar
586 3831 664 3915 erat)
686 3833 854 3910 plurimum
871 3829 987 3908 dolens,
1006 3834 1039 3892 in
1058 3842 1209 3908 racoepta

61 3953 189 4011 pergere
209 3934 309 3994 statui.
359 3936 445 3996 Tuae
468 3949 570 3996 autem
591 3932 831 4014 magnificentiae
850 3933 1011 3994 innumera
1033 3934 1067 3992 in
1091 3950 1140 3990 me
1156 3931 1210 3992 be·

62 4032 168 4093 neficia
190 4035 438 4118 singularemque
458 4037 714 4110 benivolentiam,
743 4055 806 4116 qua
833 4052 883 4091 me
910 4052 1034 4113 semper·
1050 4035 1209 4097 humanis-

62 4134 140 4201 sime
160 4146 340 4213 prosecutus
358 4157 407 4213 ea,
420 4150 510 4203 tuam,
523 4135 661 4216 denique
672 4135 889 4216 amplissimam
905 4130 1084 4212 dignitatem
1105 4140 1208 4197 animo

61 4237 286 4313 complectens,
308 4238 367 4297 aaa
385 4259 467 4301 meas
489 4239 641 4318 primitias
660 4239 733 4314 tibi,
760 4237 945 4299 moderatori
971 4253 1094 4315 nocuo,
1115 4239 1211 4301 todia

860 4351 903 4409 8*
