2806 4800
483 265 814 342 32871

87 459 240 521 contraria
260 453 370 537 sparsit
389 456 421 517 in
444 457 564 535 vulgus,
586 452 624 515 de
645 474 710 535 quo
729 453 909 534 praesertim
928 455 1005 515 lmen
1025 456 1173 534 legentem
1197 440 1238 520 ad

86 561 237 624 illustrem
257 562 358 621 Pisum
382 560 502 636 relego,
532 571 562 618 et
584 555 702 620 videbit
727 556 947 636 protectionem
973 558 1095 621 Battara
1121 556 1238 623 ridicu·

87 664 149 723 lam
169 683 245 724 esse.

175 768 237 830 Nea
257 771 345 846 inepte
365 766 572 824 Camarinensis
592 772 647 822 etc.
669 797 706 812 -
753 759 850 836 Sane,
870 759 990 837 Simon,
1010 780 1044 823 os
1067 762 1124 824 tibi
1143 758 1238 826 absti-

90 864 225 928 nendum
247 880 309 944 est,
342 887 425 928 sacra
450 866 536 926 enim'
553 863 708 942 theologia
740 863 773 922 iu
802 860 945 925 creaturis
976 884 1038 924 non
1069 866 1239 931 considerat

91 987 193 1030 rerum
215 973 426 1050 proprietates,
448 988 511 1028 non
533 967 656 1026 illarum
678 966 838 1041 essentias,
858 986 913 1027 nec
925 967 1076 1048 principia
1097 970 1239 1048 proxima

92 1085 121 1133 et
142 1092 258 1148 sarisas,
279 1071 332 1134 sed
354 1071 491 1134 divinam
515 1069 701 1150 potentiam,
728 1069 926 1149 sapientiam,
953 1071 1138 1148 bonitatem,
1170 1054 1262 1154 qui-⁸

93 1176 151 1236 bus
173 1195 258 1236 mens
288 1173 489 1242 terrenorum
507 1174 583 1233 labe
603 1171 736 1234 defecata
754 1173 962 1255 subvectaque
975 1171 1095 1237 ¹divino
1123 1174 1241 1234 lumine

93 1279 263 1340 sustollitur
278 1296 345 1357 per
353 1276 441 1356 pium
461 1273 640 1335 affectum
630 1295 663 1334 ιιι
668 1258 891 1336 sanctissimae
915 1275 1059 1337 trinitatis
1081 1275 1241 1349 visionem,

93 1380 156 1440 illic
176 1399 244 1440 ιιιιιι
266 1381 374 1484 strn
406 1373 579 1458 psallendo.
629 1376 665 1436 lu
687 1396 768 1455 pace
792 1375 828 1436 iu
856 1373 920 1436 id
904 1397 1013 1492 ιριιιιιι
1040 1376 1190 1439 dormiam
1211 1389 1241 1439 et

92 1483 326 1563 requiescam
376 1543 380 1551 ,

95 1636 98 1641 ⁴
178 1589 213 1647 In
231 1588 283 1647 dei
299 1588 466 1662 agnitionem
489 1591 545 1643 eta.
571 1613 617 1627 -
658 1579 729 1643 Non
764 1581 944 1660 gratuitam,
961 1629 966 1636 .
981 1583 1081 1664 qualit
1109 1582 1242 1644 liabetur

94 1708 150 1767 per
176 1689 378 1768 theologiam,
405 1684 461 1748 sed·
488 1685 658 1746 naturalem
686 1680 863 1762 dumtaxat,
897 1684 960 1768 qua
988 1687 1131 1748 omnibus
1156 1680 1242 1744 haud
1322 1694 1324 1698 ’

95 1789 422 1869 insipientibusdeum
442 1807 507 1850 esse
528 1798 635 1847 notum
657 1797 719 1864 est3
746 1783 1052 1849 nentdacoelestium
1076 1788 1192 1850 lumine
1211 1799 1242 1848 et

94 1904 235 1953 motuum
256 1892 401 1953 varietate
420 1910 478 1970 par
498 1889 578 1949 ratio
600 1899 661 1949 est:
683 1899 750 1948 tum
772 1887 845 1968 quia
868 1889 942 1949 haec
956 1890 1015 1951 nisi
1028 1892 1141 1968 paucis,
1163 1887 1243 1950 illud

97 2015 170 2056 vero
191 1996 335 2056 omnibus
356 1985 500 2067 constat,
516 2003 590 2068 tum.
611 1989 685 2072 quia
713 1986 918 2051 mediantibus
938 1990 1111 2051 visibilibus
1135 1988 1173 2051 ad
1193 1991 1242 2049 iu·

95 2097 228 2158 visibilia
250 2095 391 2158 ducimur
412 2092 636 2174 cognoscenda,
668 2105 733 2155 tum
752 2092 843 2155 tertio
864 2105 991 2172 propter
1012 2093 1242 2167 sublimitatem,

96 2179 418 2278 incorruptibilitatem
438 2204 533 2306 atque
551 2196 653 2299 Ῑιιιιιιι
675 2195 793 2300 coelum
816 2215 872 2256 uos
893 2191 1013 2257 ducit
1003 2215 1035 2255 m
1067 2193 1118 2256 dei
1128 2196 1242 2300 cogui-

96 2298 220 2362 tionem.
338 2304 340 2309 ’

141 2391 285 2465 Verum
307 2421 370 2463 oeno
391 2409 523 2467 comeant
545 2415 600 2466 ιιι.
622 2427 662 2450 ⁴-
716 2400 776 2466 sed
798 2404 909 2465 lalsum
924 2413 971 2466 ut
984 2401 1147 2502 astrologia
1167 2416 1242 2466 ve'ro

97 2433 267 2570 dissonat.
284 2498 366 2581 Tum
388 2519 516 2589 propter
525 2507 651 2570 lummis
671 2507 818 2569 naturalis
832 2504 1073 2601 modicitatem,
1069 2505 1243 2569 tumeliam

96 2622 223 2690 propter
242 2611 483 2692 supernaturalis
510 2611 638 2706 luminis
659 2608 809 2700 defectum
839 2596 1010 2689 astrologus
1031 2629 1049 2669 a
1057 2609 1244 2736 theologico
1338 2611 1342 2623 ’

96 2709 221 2772 iudicio
232 2702 378 2774 dissentit.
427 2767 432 2785 ,.
802 2717 825 2729 '
1059 2724 1061 2729 “

162 2807 290 2871 Dima
312 2825 339 2874 et
360 2806 516 2895 apostolum
535 2811 593 2876 ιιι.
613 2849 656 2862 -
698 2779 826 2879 Sanctus
846 2804 958 2877 Dtvm
977 2825 1006 2874 et
1030 2785 1220 2916 apostolus'
1206 2831 1243 2874 ιιι

98 2907 210 2972 divinis
219 2912 365 2992 eloquiis
379 2924 491 2991 gerunt
511 2901 672 3013 personarit
696 2913 747 2980 'dei
767 2917 876 3000 optimi
898 2914 1035 2992 maximi,
1056 2908 1146 2996 quenl
1163 2927 1243 2976 ιιιιι
1286 2947 1294 3000 4

99 3009 273 3074 mendacem
289 3002 477 3086 redderent,
506 3017 533 3076 si
553 3006 670 3103 (quod
675 3026 757 3082 minc
776 3021 940 3126 plerique
950 3017 1063 3078 iaciant
1086 3016 1243 3135 tlieologi)

98 3127 311 3183 attestarentur
331 3104 560 3216 astrologiae.

184 3220 283 3294 Magis
310 3225 476 3297 sapientem,
498 3213 589 3297 magis
601 3221 715 3300 felicem
738 3229 811 3280 ιιι.
815 3255 856 3266 —
895 3217 955 3283 Sed
978 3217 1054 3302 quid
1082 3219 1243 3314 infelicius,

98 3339 191 3400 quam
213 3320 291 3379 lucri
312 3322 362 3381 vel
390 3333 535 3400 quaestus
567 3321 663 3399 gratia
700 3323 864 3402 quotannis
898 3323 1094 3400 astrologica
1112 3320 1243 3386 vendere

99 3421 227 3498 iudicia,
250 3442 415 3502 provocare
436 3421 582 3486 adversus
602 3443 634 3482 se
657 3435 686 3482 et
708 3433 819 3502 suopte
838 3421 952 3484 iudicio
985 3422 1126 3507 (propter
1157 3447 1243 3488 men·

99 3524 196 3609 dacia)
224 3526 389 3584 calumnias
417 3524 597 3599 hominum,
630 3524 708 3584 iram
741 3535 770 3583 et
796 3521 846 3583 dei
871 3523 1132 3603 indignationem,
1162 3525 1244 3588 uude

99 3624 339 3707 insipientissimi
362 3622 529 3706 putantur?
561 3625 716 3706 Sapientia
736 3624 818 3685 enim
841 3635 871 3685 et
891 3626 1003 3687 veritas
1024 3627 1153 3706 ipsamet
1175 3628 1244 3688 leli·

98 3730 170 3790 citas
191 3740 252 3804 est,
272 3728 386 3788 falsitas
408 3747 482 3790 vero
502 3728 661 3790 infelicitas
683 3739 713 3789 et
735 3747 854 3789 stimma
875 3727 1013 3803 miseria,
1038 3729 1115 3790 sicut
1129 3731 1168 3795 ,in
1189 3731 1242 3791 loa

98 3829 225 3892 dicitur:
247 3830 382 3908 privavit
402 3851 473 3891 eum
496 3827 570 3892 deus
592 3830 750 3910 sapientia,
769 3829 920 3894 necdabit
939 3830 987 3890 illi
1001 3814 1241 3910 intelligentiam.

193 3935 384 4014 Quamobrem
412 3936 460 3995 dei
485 3936 574 3994 cultus
598 3944 651 3993 etc.
674 3965 717 3976 -
776 3933 919 4014 Plerique
945 3934 1124 4013 philosophi
1154 3947 1243 3994 natu-

98 4032 156 4090 rali
176 4033 292 4095 lumine
312 4037 481 4098 intellectus
503 4046 708 4116 pervenerunt
729 4034 762 4092 in
782 4028 899 4112 primae
913 4057 1018 4096 causae
1039 4036 1240 4115 coguitionem

98 4145 127 4194 et
140 4133 203 4192 illic
214 4131 283 4216 (nec
294 4136 326 4194 in
347 4158 482 4199 amorem
504 4137 568 4213 dei,
590 4158 645 4197 nec
666 4134 805 4196 divinum
819 4136 944 4213 cultum,
966 4139 1112 4217 quoniam
1127 4140 1242 4217 impos·

97 4236 186 4297 sibile
209 4245 291 4308 erat,
312 4237 479 4321 progressi)
500 4239 636 4318 receptui
657 4239 799 4309 cecinere.
842 4236 1020 4298 Naturalem
1047 4261 1118 4318 ergo
1139 4240 1242 4317 cogni·

96 4339 209 4403 tionem
233 4334 270 4397 de
293 4334 366 4411 deo,
388 4358 449 4417 qua
470 4340 569 4418 prima
586 4361 674 4402 causa
698 4354 752 4417 est,
774 4361 836 4402 non
858 4341 998 4424 sequitur
1018 4361 1105 4402 amor
1127 4355 1156 4403 et
1177 4341 1241 4401 cul·
