2806 4800
663 226 734 300 197

126 426 154 474 ct
176 410 214 472 tle
236 433 281 488 aa,
297 413 459 494 ‘quae-per
479 411 590 485 stallae,
614 409 771 470 Armatam
788 407 908 483 diuersa
929 424 1022 490 poam
1045 412 1154 491 capitu
1174 411 1270 472 ratio·

125 535 208 575 nccu-
225 534 306 587 cccc,
342 509 428 594 quod
449 512 578 572 'coelium
606 511 688 572 inter
715 510 886 573 morbificat
912 531 1015 575 ceticae
1042 512 1095 572 ab-
1111 510 1193 591 ipro
1207 531 1272 573 non

124 616 315 695 assignatur,
336 626 365 674 et
385 611 570 695 eat0,·quod
588 615 808 692 assignaretur,
838 627 1024 676 nontamen
1057 636 1097 675 ex
1127 616 1187 675 lroc
1205 616 1271 675 col·-

124 719 198 796 ligi,
223 714 307 798 quod
330 727 425 777 totum
448 717 565 775 coclttm
587 717 637 776 vel
659 715 841 778 univcraalia·
858 718 933 779 coeli
954 716 1271 779 influentia-ritmor-

125 816 231 878 bilica:
252 830 332 892 tum,
347 814 432 898 q'uod
453 815 603 878 aulliceret
624 817 821 881 internecioni
852 819 1124 880 totiuarcubieetne
1151 829 1272 878 crtattu·⁸

125 939 188 993 rac,
208 921 234 981 ci
256 918 418 989 millceirna
437 923 509 997 parc
530 920 617 995 coeli,
635 919 740 982 arn-rte.
753 933 820 983 toto
840 935 953 984 taccam
964 964 973 998 ,
1001 921 1156 983 m'orbilica
1176 932 1271 995 erecta

126 1020 214 1096 dein,
242 1021 354 1103 quod,
375 1033 405 1083 et
428 1042 465 1083 co
485 1024 601 1102 posito,
632 1024 834 1087 nilrilourinue
855 1025 933 1089 sicut
954 1044 993 1084 ox
1019 1023 1270 1085 inlluentia'uni·
1303 1072 1308 1081 .

126 1121 383 1206 vernalirqrtidam
398 1124 511 1184 ¹u'torbi
540 1123 752 1201 conciuerant,
783 1126 826 1187 ita
853 1138 882 1187 et
912 1124 966 1184 alii
994 1125 1208 1200 abolerentur,
1223 1137 1270 1186 vet

124 1244 180 1301 per
199 1230 388 1307 eonacqucnc
407 1224 598 1289 ‘universalia
627 1225 786 1288 inlluentia
809 1227 885 1288 coeli
914 1226 993 1285 nilril
1022 1223 1119 1303 magia
1149 1236 1270 1304 pareret

124 1327 266 1404 morboc',
285 1349 379 1409 qnam
400 1328 541 1389 solveret„
592 1325 695 1402 Quam
714 1330 790 1392 falae
809 1342 966 1411 praeterea
990 1341 1020 1390 et
1039 1328 1270 1410 quantinccite,

125 1425 217 1506 quod
230 1429 390 1503 Acronum
411 1441 549 1507 ruerat„
564 1435 664 1491 adrem
677 1434 843 1514 corrumpi
863 1433 896 1494 ia
918 1431 1086 1495 substantia
1109 1449 1268 1491 remanen-

124 1530 206 1592 tinus
227 1533 558 1614 qrmlitatibuafquaci
578 1535 913 1599 trancatrbctantionern-
928 1535 964 1596 in
983 1535 1135 1616 ¹phynicia
1167 1531 1267 1594 eidam

123 1632 291 1696 declarator.
307 1637 459 1715 imponit,
489 1640 657 1701 nomenoi
678 1639 768 1700 etiam
783 1639 1010 1702 elementariae
1030 1657 1110 1717 puer
1136 1656 1200 1696 uon
1220 1635 1268 1695 in·

125 1737 265 1814 telligitrr
280 1735 387 1810 -Quod
406 1751 508 1800 attteut
533 1739 701 1802 substantia
725 1742 805 1803 adria
834 1738 1088 1824 quandoquead
1121 1739 1271 1801 m'alitiant·

125 1848 335 1913 convertatur,
362 1858 425 1900 non
446 1839 537 1917 ideo,
565 1831 652 1922 quod
672 1843 777 1923 aliqua
805 1862 930 1904 auriam
960 1843 1144 1924 qualitatum
1161 1838 1269 1901 admo·

125 1937 200 2001 dum
218 1941 416 2016 veliementer-
433 1941 605 2004 intenditur
626 1944 674 2005 vel
695 1942 879 2020 remittitur,
909 1948 980 2005 licet
999 1936 1184 2011 omninoiic
1203 1941 1269 2001 eiua

124 2044 193 2105 talio
215 2043 374 2105 conversio
388 2064 450 2106 non
471 2045 543 2120 flat-3
562 2048 722 2107 Auroram
739 2056 773 2106 'ct
794 2043 871 2106 dixit
893 2057 922 2107 et
938 2045 1067 2125 arripnit.
1111 2045 1148 2111 Et
1161 2062 1269 2124 quamn

126 2146 172 2206 ric
192 2146 375 2226 qualitatum
397 2144 509 2226 exigua
526 2146 692 2208 converaio
712 2147 767 2222 ait,
793 2156 900 2208 tamen
923 2158 958 2208 ut
976 2145 1019 2211 cic
1039 2143 1151 2225 partim
1182 2154 1269 2203 extra

127 2259 337 2322 naturamnat,
357 2269 394 2310 co
412 2246 506 2331 quod·
519 2249 567 2312 vel
589 2249 731 2311 morbum
753 2248 922 2320 concinnat,
944 2249 993 2309 vel
1010 2244 1116 2309 saltem
1136 2242 1269 2324 disposi-

124 2351 187 2410 tive
212 2350 373 2412 concurrit.
427 2351 506 2412 Cum
535 2352 625 2413 otiam
655 2351 776 2432 antiqui
804 2348 914 2410 nardini
939 2350 1177 2424 lermenmnec,
1203 2347 1267 2408 ora
1297 2352 1302 2371 ¹

124 2471 234 2527 nauus,
265 2452 443 2530 Amorum,
474 2453 583 2530 ceteri,
620 2453 677 2515 vici
698 2450 918 2515 aunt'mlidaut
944 2465 973 2514 et
1002 2450 1160 2513 littrttitlarn
1184 2469 1268 2512 com·

122 2554 297 2633 plexioncm
313 2542 576 2636 adtemperatam
598 2554 776 2632 reduxiote,
796 2553 958 2636 [toocttmua
981 2569 1048 2618 tam
1064 2554 1267 2636 philosopho·

122 2679 192 2718 rum
222 2680 314 2740 quam
347 2657 535 2721 medicorum
564 2660 634 2721 trita
661 2658 880 2728 conauetudina
910 2656 995 2719 lraud
1022 2657 1269 2719 inconvenienter

124 2761 203 2821 adria
223 2762 441 2851 eubatantiam,
463 2784 542 2845 quac
561 2775 726 2843 temperata
747 2774 809 2837 eet,
830 2783 886 2842 per
906 2759 1033 2823 calidam
1057 2771 1087 2822 ct
1110 2755 1267 2859 humidam

125 2862 324 2943 circumloqui
335 2863 448 2942 priscos
460 2862 617 2926 imitando.
667 2865 785 2926 Verum
798 2861 882 2925 aliud
904 2883 968 2925 ecee
989 2875 1018 2924 et
1033 2862 1116 2922 aliud
1133 2861 1267 2922 'circum-

124 2967 229 3048 loqui,
247 2985 338 3025 nemo
359 2965 494 3046 prudens
513 2967 644 3046 ignorat.
687 2967 850 3044 Atterulat,
881 2985 1014 3050 quaeao‘,
1047 2963 1216 3024 declarator
1238 2975 1267 3022 et

124 3090 179 3130 arta
199 3067 347 3148 percipiat
366 3067 583 3147 fabulantem,
602 3068 769 3131 uitandam
790 3068 829 3131 ad
852 3069 987 3132 neuntio
999 3067 1129 3127 orbitam
1150 3060 1268 3124 redeat!

125 3172 239 3232 Arserit
260 3192 293 3232 ee
319 3169 398 3231 dicta
418 3191 486 3232 ¹oua
510 3170 552 3232 de
581 3184 665 3252 poete
694 3172 860 3234 ttnivcreali
887 3169 1072 3247 intelligere,
1102 3185 1153 3241 eo,
1182 3161 1268 3246 quod

124 3273 173 3356 (ut
192 3271 248 3355 ait)
270 3290 331 3332 non
353 3272 483 3350 ignorat,
502 3273 850 3352 particularem-pectem
872 3271 941 3333 aliia
961 3267 1064 3330 modis
1083 3280 1113 3330 et
1133 3267 1199 3329 aine
1218 3265 1266 3325 iai

124 3379 211 3437 lluxu
238 3375 314 3436 coeli
342 3375 515 3454 contingere
543 3396 649 3456 pocee3
683 3375 735 3438 ced
758 3376 892 3456 proiecto
909 3372 939 3437 ai
959 3371 1150 3454 particularia
1171 3367 1267 3450 pratia

125 3481 242 3559 abequc
262 3475 421 3536 inlluentia
441 3469 564 3557 apaciali
585 3477 757 3555 coniicitur,
777 3479 855 3539 nutti
876 3476 1023 3552 dubium,
1046 3475 1125 3558 quin
1145 3465 1176 3534 ct
1198 3472 1268 3532 uni·

125 3581 249 3645 vernalia
261 3581 304 3640 ita
325 3577 460 3641 accidere
479 3583 590 3661 poeait;
613 3581 806 3644 uniuezenim
828 3595 858 3643 ct
876 3578 1014 3643 materiem
1035 3584 1266 3656 naturae'atque

125 3686 271 3747 ementire
288 3696 379 3760 crint,
397 3680 547 3747 duntaxat
566 3685 733 3747 ceetmdum
754 3686 849 3766 magia
870 3698 899 3747 et
912 3685 1013 3746 minue
1028 3680 1183 3754 dictantes,
1201 3677 1266 3738 Ga·

125 3809 201 3848 aruo
223 3800 316 3870 atque
336 3789 426 3850 Raau
475 3788 514 3848 Et
534 3789 754 3870 quamvisper
775 3790 871 3849 oolam
893 3788 971 3846 lrauc
989 3785 1155 3855 rationem,
1186 3799 1267 3860 quae

126 3893 164 3954 dc
192 3895 307 3955 ulutate
335 3900 365 3955 cl
393 3891 550 3955 identitate
573 3893 720 3954 carentiae
748 3903 808 3962 cet,
837 3903 922 3953 retro
948 3889 1049 3951 ctiam·
1067 3893 1265 3946 memoratam

128 4016 281 4077 poseamus
303 3997 405 4058 omnia
426 4011 525 4059 errata
557 4000 650 4060 totiua
679 3993 872 4058 alabandicec
899 3989 1109 4055 declarationis
1136 3987 1170 4046 in
1198 4005 1265 4055 mog

125 4111 228 4162 mento
247 4103 426 4175 convellere,
446 4113 545 4161 tamen
569 4112 601 4161 ut
621 4099 788 4160 declarator
806 4105 975 4175 cognoscat,
997 4090 1155 4154 veritatem
1178 4108 1267 4168 pocae

125 4202 229 4263 tnttltie
252 4199 352 4263 modia
379 4201 502 4263 delendi
531 4215 560 4263 et
589 4203 749 4264 falsitatem
781 4199 909 4262 destrui.
923 4211 1016 4280 atque
1045 4194 1145 4274 abigi,
1175 4194 1266 4257 latina

123 4305 308 4387 longiusque
327 4325 419 4386 quam
440 4305 626 4368 instituimus
645 4304 781 4384 divagati
806 4322 929 4381 aumua;
944 4303 1012 4362 ubi
1037 4314 1137 4362 tamen
1158 4294 1266 4358 adver·
