2806 4800
668 205 742 279 tut

43 427 52 436 -
128 394 311 470 graecissans
334 395 457 473 iamque
481 393 687 454 barbarismus
720 389 760 452 ad
781 392 884 469 ignota
908 388 1032 452 medicis
1061 390 1172 452 nostris
1199 392 1285 472 capi-

127 493 355 589 tulaptorbmn
376 493 519 570 gallicum
550 493 675 573 reponis
704 505 733 554 et
757 513 825 554 cunt
848 493 940 554 nimis
967 493 1070 572 inepte
1101 491 1140 554 ad
1172 494 1283 557 boram

128 597 419 676 etiam-excogitatis
448 597 537 679 quasi
566 595 765 660 execrationis
798 596 983 658 vocamentis
1003 595 1086 660 raris
1106 598 1283 676 appellave-

128 701 187 774 ris,
215 697 339 764 tandem
360 701 540 781 acephalum
569 712 600 762 et
626 700 785 763 anomium
815 696 987 782 relinquis?
1042 699 1120 774 Dic,
1154 686 1289 781 quaeso,

129 803 199 884 quis
219 815 377 880 veterum,
398 815 432 872 ut
452 803 589 866 iuniores
610 814 742 878 taceant,
772 804 831 865 boc
852 802 954 867 morbi
973 822 1070 882 genus
1098 801 1137 865 iis
1157 822 1282 863 execra-

128 906 219 966 tionis
242 907 442 969 caracteribus
463 904 646 985 insignivit?
690 905 908 982 Erasistratus,
929 903 1143 987 Chrysippus,
1163 905 1282 967 Praxa-

128 1029 233 1088 goras,
259 1030 334 1073 num
355 1011 495 1086 Diocles,
532 1031 607 1072 num
636 1009 823 1091 Eropltilus,
851 1029 926 1071 num
947 1008 1078 1084 Dianas,
1110 1007 1282 1090 Dionysius

128 1108 406 1195 llletrodorusque,
437 1133 521 1196 quos
546 1133 705 1196 nunquam
735 1110 859 1188 uidisti,
888 1131 990 1193 nequa
1017 1129 1074 1171 nus
1106 1108 1280 1175 habemus?

129 1217 169 1276 At
191 1234 228 1274 na
248 1200 338 1279 labor
356 1229 445 1292 tuus,
467 1236 532 1298 quo
552 1217 636 1280 solus
659 1228 797 1279 veterum
817 1214 914 1278 libros
943 1225 1004 1277 tam
1027 1209 1189 1290 diligenter
1216 1209 1281 1276 dis·

130 1318 315 1399 quisiveras,
347 1321 474 1383 omnino
496 1331 618 1400 pereat,
645 1317 695 1380 dic
723 1319 828 1382 saltem
861 1318 917 1379 ubi
936 1317 969 1378 in
990 1315 1176 1396 Hippocrate
1203 1313 1280 1405 Coo,

129 1420 248 1481 Galeno
270 1419 400 1482 Claudio
428 1433 481 1482 aut
509 1422 605 1482 Paulo
633 1420 782 1501 Aeginetae
811 1419 981 1491 antbimata
1009 1416 1203 1499 epidaurialia
1231 1418 1280 1480 of·

129 1521 262 1600 lendisti,
281 1537 334 1586 aut
356 1523 389 1586 in
410 1523 491 1600 Rasi,
513 1523 668 1586 Avicenna
688 1525 739 1586 vel
759 1523 866 1605 aliquo
880 1524 971 1585 arabe
993 1522 1152 1583 mltttmera
1173 1518 1279 1600 apide·

130 1629 248 1704 mialia3
284 1649 355 1689 nam
377 1640 493 1693 veteres
520 1629 632 1690 latinos
650 1629 721 1690 illos
740 1627 911 1690 Antonium
931 1627 1069 1700 Musam,
1098 1623 1279 1686 Cornelium

129 1731 269 1808 Celsum,
291 1729 440 1807 Quintum
463 1731 624 1801 Serenium
645 1743 676 1794 et
696 1730 836 1794 Carsium
856 1729 990 1793 Felicem
1015 1729 1142 1790 omniuo
1162 1739 1279 1791 constat

128 1836 305 1898 soumorina
336 1833 520 1899 eiuscemodi
551 1847 687 1899 monstra
720 1834 815 1896 veluti
847 1833 1055 1908 hircocervus,
1083 1831 1278 1910 tragelaphos

129 1949 158 1997 et
178 1933 286 2001 surdas
311 1937 460 2001 chimerae
480 1935 663 2015 neglexisse.
706 1931 922 1998 Moderniores
942 1935 1051 2010 etiam,
1083 1953 1161 2018 quos
1187 1935 1276 1997 scho-

127 2039 174 2098 lae
205 2038 394 2104 medicorum
428 2040 598 2120 recipiunt,
630 2059 731 2122 neque
758 2035 877 2121 aliquid
905 2039 1012 2099 talium
1041 2036 1278 2113 somniaverint,

127 2161 197 2201 nam
231 2145 344 2207 horum
374 2144 535 2224 opiniones
565 2140 709 2204 domiuus
735 2141 926 2204 Laouiccnus
953 2140 984 2203 in
1014 2160 1069 2202 sua
1100 2137 1138 2200 de
1162 2139 1275 2210 ⁴uturbu

126 2244 235 2319 gallico
256 2246 476 2324 conscriptione
497 2263 608 2322 magno
630 2262 760 2320 numero
784 2245 870 2320 citat;
894 2239 947 2304 sed
969 2262 1032 2303 non
1056 2242 1194 2305 invenies
1207 2255 1275 2305 tuae

127 2345 267 2422 opinioni
286 2345 540 2427 adstipulantem,
568 2367 660 2428 quam
687 2345 889 2407 nihilominus
909 2344 952 2404 ita
974 2345 1118 2420 obscure,
1150 2345 1196 2428 ita⁴
1218 2343 1272 2404 fri·

127 2441 198 2522 gide
220 2457 314 2528 atque
332 2449 434 2510 ieiune
455 2449 614 2531 proponis,
633 2460 755 2510 uttota
775 2449 842 2528 ipsa
864 2449 943 2509 nillil
963 2446 1080 2525 docens,
1102 2450 1186 2512 nihil
1200 2469 1271 2530 ape·

126 2547 188 2609 rias
210 2549 352 2635 nihilque
374 2549 503 2628 iudices,
531 2547 584 2621 scd
614 2572 670 2633 per
691 2551 860 2627 incuriam,
887 2573 949 2635 qua
967 2554 1110 2633 langues,
1137 2566 1166 2617 et
1188 2572 1274 2619 voces

127 2661 157 2713 et
179 2672 283 2715 rerum
313 2652 450 2734 pondera
480 2652 657 2734 conlundis3
690 2667 720 2718 at
745 2656 910 2736 imprimis,
939 2655 1024 2741 quod
1052 2655 1152 2718 dicere
1184 2656 1275 2737 piget,

127 2775 188 2816 non
209 2755 384 2832 attendens,
407 2754 630 2842 distinctionem
651 2760 772 2822 numeri
792 2760 978 2844 principium
1000 2781 1079 2834 esse,
1108 2762 1275 2823 anthimata

127 2877 327 2921 connumeras
348 2861 481 2940 pustulis
502 2874 532 2923 et
553 2864 608 2925 has
619 2865 798 2940 alliumeris,
819 2865 1022 2946 quasicontra
1034 2865 1147 2946 species
1166 2862 1275 2926 distin·

126 2972 238 3040 guatur
258 2981 354 3039 genus
374 2965 423 3026 vel
449 2976 569 3040 contra,
598 2978 651 3027 aut
673 2966 705 3026 iu
726 2969 792 3028 solo
813 2969 937 3029 nornine
955 2969 1098 3031 consistat
1118 2988 1275 3041 numerus,

127 3063 215 3144 quasi
234 3059 367 3145 denique
382 3067 506 3128 morbus
523 3069 648 3146 gallicus
668 3068 838 3130 anthimata
857 3069 896 3131 sit
918 3082 947 3131 et
968 3070 1138 3144 alhuntera,
1152 3071 1275 3154 sintque

126 3167 201 3234 haec
221 3167 287 3247 ipsa
314 3170 374 3233 sibi
404 3169 510 3233 eadem
543 3185 636 3254 atquc
668 3171 880 3252 epidaurialia,
908 3195 988 3256 quae
1020 3186 1119 3236 tamen
1147 3178 1275 3240 aniculis

126 3265 251 3350 quidem
282 3283 311 3332 et
342 3270 452 3337 idiotis.
477 3288 549 3338 sunt
579 3276 746 3339 notissima.
798 3276 908 3339 Nescio
937 3280 1088 3358 prolecto,
1116 3279 1274 3363 quomodo

125 3373 225 3436 famae
246 3387 277 3437 et
295 3378 497 3443 aestimationi
518 3394 590 3445 tuae
610 3383 817 3458 consulueris,
837 3384 892 3466 qui
914 3383 1095 3464 epidemiam
1115 3397 1178 3448 tam
1199 3386 1274 3447 lior·

124 3476 247 3538 rib'ilem
269 3492 393 3562 tamque
412 3486 493 3546 male
514 3481 726 3564 morigeratam
758 3488 874 3551 morbis
905 3489 1057 3552 facillimis
1085 3489 1206 3565 cognitu
1227 3500 1273 3547 at·

125 3598 186 3659 que
206 3580 367 3648 levissimis
382 3583 508 3666 eandem
530 3588 602 3648 lacis
613 3589 798 3671 morbosque
816 3589 1011 3672 quotidianos
1032 3609 1147 3670 suaque
1164 3599 1272 3666 sponte

124 3682 271 3757 inberbis
283 3698 435 3747 nascentes
448 3687 643 3775 epidemialcs
656 3694 801 3771 appellas.
847 3695 896 3754 Tu
914 3693 1044 3757 uideris:
1067 3711 1137 3751 nant
1151 3690 1273 3750 altiora·

123 3787 222 3857 tiones
242 3786 314 3849 illae
335 3800 364 3851 at
385 3792 517 3868 papulae
541 3793 671 3868 rubeae,
700 3815 777 3876 quas
798 3797 905 3859 Graeci
926 3797 1133 3883 exaqtltisnata
1154 3804 1273 3866 vocant,

123 3889 230 3968 rapitis
249 3903 321 3953 sunt
341 3893 511 3970 passiones,
534 3917 594 3956 non
620 3895 852 3976 pudendorum,
882 3901 913 3958 iu
945 3898 1059 3978 quibus
1087 3897 1272 3979 plerumque

123 3993 231 4070 incipit
250 3994 375 4057 morbus
397 3997 533 4072 gallicus.
577 4001 695 4063 Plinius
715 4015 872 4080 praeterea
884 3997 1080 4078 gravissimus
1102 3999 1153 4060 iile
1167 4012 1272 4060 attctor

124 4095 221 4152 XXV
241 4116 313 4157 suae
333 4100 481 4187 naturalis
503 4102 646 4163 historiae
666 4104 773 4163 libello
806 4103 901 4180 aalaite
930 4095 1110 4164 dctodeciuto
1133 4100 1273 4164 medetur

123 4198 284 4260 antltimati
304 4194 457 4265 levissima
480 4204 640 4280 medicina,
664 4206 751 4277 touta.
767 4202 878 4266 scilicet
899 4199 993 4274 ebuli,
1015 4215 1170 4288 tmnquam
1189 4227 1270 4266 utor·

124 4299 183 4361 bus
206 4300 370 4399 qitlacilis.
398 4306 476 4369 vNec
498 4309 599 4371 miurus
618 4310 720 4387 inepte
744 4302 838 4386 quam
861 4303 934 4375 false
963 4308 1098 4387 opinaris
1127 4311 1269 4375 morbum
