2806 4800
647 235 723 306 264

117 430 176 506 nis,
197 429 283 487 nulla
307 427 422 504 species
444 421 483 484 ad
505 442 601 501 genus
622 423 781 503 sequitur,
805 423 831 482 si
852 421 933 481 enim
952 421 1065 480 animal
1087 440 1191 498 genus·
1215 436 1276 494 est,

119 552 182 594 nou
203 528 273 591 ideo
292 530 387 589 homo
408 541 462 588 aut
481 527 585 587 asinus
603 537 656 586 eut
679 526 729 585 leo
749 544 844 602 genus
869 536 921 584 est.

141 666 144 673 ·
204 633 263 692 Sed
287 632 355 714 quid
376 652 471 690 moror
492 640 546 689 etc.
566 662 611 673 -
653 623 740 700 Quae
768 626 883 687 isthaec
910 620 1128 685 cohaerentia?
1159 644 1273 704 peoora

119 752 182 796 uon
203 743 289 794 curat
309 729 455 806 medicus,
475 749 549 808 ergo
570 748 633 790 non
654 739 812 805 aegrotant
832 744 957 805 peeoras
986 726 1149 804 pastoralis
1169 727 1273 786 homi·

119 852 175 895 nes
194 852 257 894 non
279 845 380 906 curat,
401 851 476 909 ergo
496 833 636 893 homines
653 850 716 891 non
736 842 903 908 aegrotent.
948 825 1096 902 Quinimo
1113 848 1192 908 pars·
1206 850 1273 890 me·

121 933 237 995 diciuae
259 932 342 993 haud
365 935 510 1009 minima,
532 946 567 994 ut
588 933 751 1006 anatomia,
771 933 835 1009 agit
854 930 1039 1011 plerumque
1060 931 1140 991 circa
1162 932 1272 1007 bruta3

122 1037 266 1097 Gauianus
288 1056 422 1117 namque
444 1049 473 1098 et
488 1038 601 1115 gallum
624 1049 652 1097 et
675 1037 845 1095 murionem
866 1054 937 1094 suos
952 1032 1070 1108 incidit,
1091 1047 1119 1096 et
1142 1034 1271 1116 quidam

122 1139 254 1199 celebres
274 1139 306 1199 in
325 1137 475 1202 medicina
498 1159 661 1219 porcorum
680 1139 857 1198 incisionem
878 1134 1114 1225 descripserunt.
1159 1139 1273 1217 Accepi

122 1237 221 1300 elide
243 1224 358 1318 dignis,
379 1226 418 1315 te,
440 1261 503 1322 quo
526 1263 544 1300 a
566 1240 756 1301 scholaribus
777 1236 856 1299 lardi
877 1236 1052 1317 portionem
1075 1239 1272 1317 pinguiorem

122 1340 286 1416 obtineres,
306 1345 468 1420 scropham
482 1341 650 1424 aliquando
664 1341 816 1403 incidisse.
859 1338 952 1414 Quod
966 1354 1069 1402 autem
1084 1362 1196 1421 corpus
1211 1345 1273 1405 hu·

123 1463 248 1503 manum
270 1457 314 1504 eat
335 1445 522 1520 subiectum,
543 1445 655 1504 sanitas
674 1444 836 1522 proprium
856 1443 891 1502 in
912 1439 1079 1516 medicina,
1101 1445 1272 1521 aegrotatio

125 1563 199 1604 vero
217 1546 353 1607 sehabet
376 1544 606 1627 quodammodo
625 1545 817 1625 privationis,
837 1545 918 1604 nihil
931 1546 1031 1624 arguit
1048 1547 1082 1606 in
1101 1548 1272 1625 proposito.

125 1647 337 1711 Transeamus.

210 1752 300 1812 Immo
320 1759 347 1812 r'n
367 1766 476 1814 tamum
497 1755 586 1814 diust
605 1765 659 1814 etc.
681 1786 723 1799 -
753 1752 910 1831 Separatio
928 1752 1114 1830 aprincipio
1129 1751 1211 1814 vitae
1227 1765 1272 1814 est

124 1852 233 1913 mortis
249 1854 342 1930 ratio,
365 1875 445 1936 quae
465 1856 497 1914 in
520 1856 620 1916 brutis
633 1854 872 1935 hominibusque
892 1874 960 1914 una·
975 1865 1126 1934 astatque
1148 1853 1271 1932 eadem;

125 1972 219 2035 quare
239 1960 328 2018 nulla
358 1959 390 2018 in
418 1960 467 2020 his
500 1958 720 2040 aequivocatio.
797 1959 960 2019 Praeterea-
981 1977 1038 2034 per
1057 1958 1145 2033 signa
1164 1958 1271 2039 aequi·

123 2077 201 2120 voca
222 2080 284 2122 non
304 2073 404 2141 potest
423 2075 504 2136 certe
525 2060 659 2123 iudicare
681 2059 832 2135 medicus,
853 2057 905 2120 sed
918 2059 1131 2120 vaticinatione
1143 2074 1271 2121 naturae

125 2162 245 2240 saepius
266 2163 429 2242 probatum
451 2176 511 2238 est,
541 2161 694 2223 medinam
723 2182 764 2222 ex
793 2161 998 2240 aegrotatione
1029 2173 1058 2220 st
1087 2162 1272 2223 mortalitate

125 2265 286 2324 brutorum
309 2267 480 2343 praesagire
500 2266 533 2324 in
555 2267 732 2327 hominibus
754 2266 889 2327 futuram
912 2277 1061 2343 pestem.v
1090 2264 1170 2326 Nam
1198 2264 1272 2329 dicit

126 2366 349 2440 Aarsroreuas,
368 2386 468 2439 ranas,
491 2366 724 2446 quasecinoides
736 2380 854 2442 vocant,
875 2369 935 2428 hoc
944 2368 1131 2446 praesentire
1139 2371 1271 2448 malum3

127 2467 203 2526 Anu.
225 2465 343 2527 Seneca
368 2464 457 2541 dicit,
484 2487 557 2530 oves
586 2470 668 2529 circa
695 2471 826 2529 humum
854 2471 955 2530 statim
986 2467 1048 2529 diri
1077 2472 1157 2532 a'e'ris
1182 2472 1268 2533 flatus

126 2580 321 2648 excepturas3
345 2569 499 2628 Housnus
522 2589 647 2650 quoqne
670 2571 728 2646 ait,
756 2593 843 2633 canes
864 2569 1052 2654 quandoque
1070 2593 1165 2635 saeva·
1185 2576 1270 2637 rabie

125 2682 209 2731 actos
227 2682 342 2750 pestem
363 2673 558 2751 praesentire.
615 2674 668 2748 Et,
693 2688 728 2735 ut
748 2696 847 2754 nuper
873 2675 1065 2749 monuimus,
1086 2673 1125 2735 ad
1147 2679 1273 2740 arbores

128 2775 249 2850 transit,
277 2794 371 2854 quam
392 2773 607 2838 siderationem
628 2799 703 2854 nos,
735 2778 842 2839 Graeci
865 2797 939 2838 vero
960 2777 1197 2840 nstrobolismoo
1216 2802 1272 2860 ap-

127 2876 274 2954 pellant.⁴
302 2878 411 2959 Neque
432 2878 470 2940 de
485 2881 609 2942 ratione
629 2884 722 2961 pestis
744 2897 802 2958 est,
834 2881 919 2964 quod
947 2881 986 2943 ad
1016 2884 1145 2944 alterum
1176 2907 1274 2962 genus

128 3000 181 3040 seu
214 2980 341 3059 speciem
375 2985 512 3062 contagia
553 2998 722 3059 transeant,
758 2985 944 3068 qrtandoquo
975 2985 1058 3045 enim
1093 2986 1274 3064 procedunt,

128 3081 314 3166 quandoque
339 3106 411 3148 vero
432 3089 513 3149 vires
534 3109 595 3151 non
617 3089 783 3169 ampliant,
810 3088 966 3150 identitate
986 3101 1079 3168 atque
1098 3085 1273 3150 diversitate

127 3199 254 3247 naturae
275 3185 307 3248 id
326 3188 468 3251 faciente:
502 3192 580 3251 hanc
610 3192 828 3270 antipathiam,
854 3192 937 3250 illam
968 3210 1040 3251 vero
1064 3191 1272 3270 sympathiam

129 3287 235 3348 Graeci
255 3311 478 3370 nuncupavere.
521 3294 600 3354 Hinc
620 3291 659 3354 ad
683 3296 903 3356 conclusionem
923 3294 1043 3355 tertiam
1064 3314 1237 3372 pergamus.

213 3538 217 3544 '
258 3518 375 3597 ¹Circa
403 3530 655 3604 eortclusiouem
684 3526 825 3604 tertiam.
878 3524 1120 3632 (Xl‚'P·298·)
1163 3640 1166 3647 Ι

212 3681 322 3741 Porum
345 3697 384 3745 est
405 3692 581 3767 apertissima
604 3701 657 3749 etc.
680 3722 722 3735 -
765 3689 863 3752 Nemo
886 3710 1022 3771 unquam
1044 3691 1202 3769 castigabit
1223 3711 1267 3751 sa·

126 3779 398 3863 tis>catlvolicones,
420 3790 595 3865 calumnias,
615 3790 753 3866 iniurias,
773 3782 942 3867 mendacia,
965 3793 1182 3871 blasphemias,
1200 3791 1266 3874 qui-

126 3883 183 3947 bus
204 3906 266 3949 non
288 3888 390 3949 valvas
412 3886 505 3950 modo
534 3903 564 3953 et
592 3892 760 3970 perituram
781 3894 933 3967 chartam,
965 3890 1018 3954 sed
1049 3904 1077 3953 et
1106 3893 1218 3960 lamam
1238 3903 1269 3952 et

126 3989 346 4064 posteritatem,
367 4012 446 4072 quae
465 4006 535 4071 post
556 3991 703 4067 diraleta
724 3996 1021 4067 Simonimasticoues
1041 3994 1185 4072 inveniet,
1208 4017 1272 4057 run·

127 4091 248 4170 culasti3
278 4109 362 4158 tanto
379 4120 533 4183 ‚namque
548 4103 642 4180 plura
658 4123 778 4182 semper
800 4118 980 4182 svvpamrunt
991 4146 1009 4178 ,›
1030 4113 1148 4183 quanto
1180 4101 1272 4179 plvsra

126 4193 238 4271 poterit
259 4198 390 4279 quisque
411 4203 551 4281 scribare.
640 4224 643 4229 ·
844 4263 847 4269 .
875 4264 889 4273 ..
984 4260 1008 4265 ..
1260 4252 1263 4257 ,

170 4346 173 4351 .
212 4297 257 4359 At
278 4300 391 4369 arbitr-re
411 4311 546 4377 remissus.
561 4317 616 4367 etc.
640 4340 679 4351 -
724 4308 934 4384 Falsumeet,
962 4304 1053 4390 quod⁸
1076 4307 1115 4367 ab
1146 4305 1273 4372 arbitris
