2806 4800
606 233 679 302 163

67 419 179 480 faciunt
202 424 304 478 adrem
326 429 530 496 corruptum·
558 415 656 491 Quem
678 436 752 495 ergo
771 420 865 480 latere
887 430 987 499 pateat
1009 441 1052 494 ex¹
1068 423 1215 502 praemis·

67 523 108 584 sis
137 523 323 583 Arraauuas'r
355 520 468 581 sentire
502 540 540 579 ex
581 519 687 581 formis
717 521 897 582 coelestibus
936 519 1061 602 prodire
1083 537 1216 603 pestem,

67 621 315 684 concurrentibus
338 618 471 702 deniqne
488 634 519 683 et
540 623 636 685 causis
656 620 913 702 particularibus?
951 625 990 687 Et
1012 625 1037 686 si
1058 627 1215 687 Avroauux

68 725 163 799 dicat,
194 722 278 806 quod
299 725 451 802 assignare
474 745 577 786 causas
599 723 719 786 dierum
739 725 913 785 criticorum
943 746 982 787 ex
1013 739 1100 806 parte
1126 730 1217 790 lonae

67 831 106 890 sit
129 826 344 904 transgressio,
373 823 610 889 non'concludit
631 848 687 908 per
708 829 783 902 hoc,
814 838 930 905 pestem
959 829 1116 890 coelestem
1146 839 1216 892 cau·

68 949 133 992 saar
154 950 216 992 nou
240 930 369 1004 habere,
384 926 495 989 'immo
518 949 618 1011 neque
640 951 658 989 a
679 929 749 990 crisi
773 930 932 990 coelestem
962 949 1081 990 canum
1111 935 1216 993 exclu-

69 1031 177 1093 debat:
213 1053 284 1093 ιιιιιιι
310 1032 341 1093 ἐἰ
372 1028 507 1094 medicus
539 1035 696 1093 coelestem
724 1052 845 1093 caeream
872 1032 948 1094 scire
975 1053 1038 1093 non
1068 1027 1217 1111 teneatur,

68 1133 152 1195 hand
172 1152 285 1215 parum
304 1131 437 1214 deniqne
461 1155 533 1195 enm
556 1135 651 1194 iuvat.
704 1135 784 1194 Hinc
805 1146 868 1209 est,
888 1146 922 1195 ut
938 1148 1041 1196 noster
1056 1136 1216 1218 Gerraicus

67 1249 170 1316 aperte
194 1235 307 1296 dixerit
327 1239 415 1296 iuxta
446 1235 653 1296 testimonium
674 1235 770 1297 Rasrs
803 1233 919 1296 decimo
952 1253 1035 1296 nono
1063 1239 1217 1299 continen-

68 1341 120 1402 tis:
162 1342 221 1401 hoc
249 1352 394 1418 expertus
424 1360 492 1401 sum
522 1359 632 1418 magno
658 1337 760 1400 studio
795 1351 824 1399 et
844 1338 950 1398 inveni
979 1359 1103 1413 verum,
1132 1341 1216 1421 qrrod

68 1440 192 1526 qnando
229 1447 301 1504 luna
338 1457 382 1506 est
420 1463 488 1505 cum
526 1444 648 1506 fortuna
685 1445 717 1503 in
750 1441 859 1504 diebus
885 1443 1012 1519 criticis,
1050 1457 1139 1506 erunt
1171 1447 1218 1507 illi

70 1544 134 1608 dies
165 1547 249 1609 boni.
302 1548 398 1608 Immo
430 1561 459 1609 et
481 1548 657 1623 Arrcruua,
686 1567 893 1629 superquam
922 1569 976 1608 nec
1006 1549 1100 1610 alium
1129 1573 1216 1632 repe-

67 1648 145 1724 ries,
169 1647 288 1711 dicebat
307 1647 439 1711 secunda
457 1651 582 1730 quarti,
615 1647 700 1731 quod
727 1647 970 1728 aegritudinum,
1001 1671 1080 1731 quae
1106 1673 1216 1732 prore·

69 1755 159 1814 niunt
178 1756 212 1814 in
232 1753 424 1832 temporibus
451 1765 481 1814 et
503 1755 750 1814 ultra‘mensem‘
765 1756 981 1827 numerantur,
1004 1774 1043 1813 ex
1063 1757 1128 1815 sole
1149 1769 1217 1817 tan·

69 1854 200 1914 tamin
227 1855 283 1914 liae
309 1855 537 1914 mensuratione
558 1866 587 1914 et
620 1854 808 1932 experientia
839 1865 884 1912 est
914 1853 1114 1932 ambiguitas:
1146 1879 1216 1918 nam

43 2023 48 2031 s
70 1956 289 2035 multiplicatur
309 1953 466 2032 occnpatio
499 1972 568 2012 cum
588 1953 648 2012 hoc
675 1970 768 2028 super
790 1953 960 2011 naturalem
985 1963 1016 2012 et
1037 1975 1100 2015 non
1120 1959 1217 2038 impe-

70 2057 115 2120 dit
136 2078 228 2136 snper
249 2053 419 2131 medicum,
440 2055 496 2116 ubi
519 2066 553 2115 tu
575 2053 752 2116 nominibus
774 2052 910 2114 intentus
932 2066 1050 2116 textum
1079 2063 1128 2120 vel
1152 2082 1217 2123 cor·

71 2172 214 2239 ruptum,
244 2158 294 2219 vel
315 2175 423 2219 rernm
447 2157 526 2215 male
548 2153 667 2232 vidisti3
705 2173 776 2215 nam
805 2154 1017 2218 affirmativam
1049 2179 1107 2238 pro
1127 2183 1219 2242 nega·

71 2261 298 2340 tivaponebas.
342 2258 423 2320 Nolo
435 2259 536 2322 verbis
551 2256 698 2332 altercari,
719 2256 902 2335 professioni
923 2269 994 2318 tuae
1015 2275 1141 2342 propter
1160 2267 1219 2326 110.

71 2383 177 2426 norem
199 2382 340 2441 paraenet
361 2380 426 2421 rem
450 2360 548 2440 ipsam
564 2352 745 2442 prosequ‘or.
789 2358 869 2420 Nam
892 2361 947 2421 etsi
963 2364 1040 2440 pesti
1060 2367 1217 2428 coelestem

40 2515 45 2525 ,
70 2465 222 2544 assignare
248 2481 367 2524 cerream
396 2462 665 2541 transgressionem
696 2462 807 2522 habeat
836 2461 927 2538 artis,
957 2464 996 2524 ob
1027 2464 1060 2526 id
1087 2472 1217 2530 multum

70 2571 208 2632 conferre
228 2564 345 2628 medico
368 2586 430 2627 ιιοιι
460 2577 606 2644 negatur3
637 2565 732 2625 immo
760 2565 896 2641 confert,
924 2587 994 2627 cum
1027 2569 1118 2630 etiam
1140 2573 1218 2633 Arr-

72 2691 168 2732 crure
190 2667 319 2745 dixerit,
348 2664 496 2749 quasdam
533 2650 706 2728 lore-adria
737 2668 921 2727 mutationes
942 2673 1112 2746 naturales,
1145 2673 1220 2733 alias

70 2787 196 2836 naturae
217 2773 401 2850 contrarias,
422 2771 556 2851 reliquas
579 2772 652 2831 vero
674 2787 736 2830 ιιοιι
760 2772 913 2832 naturales
933 2790 1034 2854 neque
1055 2784 1142 2834 extra
1163 2795 1218 2834 na·

71 2891 188 2938 turam:
228 2875 411 2937 mutationes
438 2893 572 2955 namque
601 2871 784 2954 epidemiam
820 2888 974 2938 causantes
996 2890 1068 2939 snm
1086 2883 1218 2939 naturali

71 2980 238 3044 contrariae
257 2980 368 3041 cursari.
413 2980 471 3039 Per
493 2980 566 3039 haec
585 2978 668 3048 enim
690 2979 849 3039 Avrceunx
879 3000 1030 3060 nusquam
1054 2991 1143 3055 negat
1165 3000 1218 3057 pe-

70 3097 145 3147 stem
168 3103 207 3145 ex
228 3082 335 3143 formis
357 3084 433 3143 coeli
453 3103 541 3161 posse
563 3079 704 3159 prodire:
736 3083 828 3142 claret
849 3079 971 3162 liquido
996 3081 1096 3159 prima
1117 3084 1219 3161 quarti

45 3187 48 3199 '
71 3184 108 3248 de
128 3187 216 3245 febre
236 3185 442 3263 pestilentiali.
485 3183 618 3242 Mutatio
639 3180 772 3261 denique
797 3182 875 3240 aeris
897 3198 960 3240 non
978 3181 1135 3257 naturalis,
1156 3198 1218 3242 non

71 3302 171 3351 tamen
194 3296 279 3345 extra
287 3297 442 3359 naturam,
455 3283 569 3361 pariter
590 3300 709 3341 causam
722 3282 815 3342 habet
828 3283 1028 3343 coelestemet
1037 3294 1220 3357 terrestrem,

71 3392 118 3451 uti
147 3385 262 3448 ibidem
291 3387 408 3465 patuit:
440 3405 532 3462 agens
555 3405 688 3466 namque
718 3384 890 3445 universale
907 3384 1032 3449 caelu
1063 3406 1115 3448 seu
1144 3389 1220 3448 coeli
1251 3454 1253 3457 ¹

72 3504 116 3552 est
137 3484 313 3564 influentia,
346 3485 552 3549 mediantibus
578 3487 686 3553 terreis
718 3487 897 3566 vaporibus
915 3482 1075 3568 etsaqneia
1105 3488 1220 3563 mixtis,
1289 3550 1291 3554 ³

72 3608 218 3674 tanquam
239 3603 348 3668 agente
368 3590 554 3670 particulari.
597 3587 661 3648 Nec
684 3609 794 3668 parum
817 3609 944 3650 erronee
966 3587 1097 3650 calidum
1109 3603 1139 3650 et
1161 3592 1220 3649 bn-

15 3771 24 3780 ·
71 3692 190 3756 midum
217 3695 295 3755 ae'ris
325 3693 527 3756 substantiam
560 3693 746 3754 asseruisti.⁴
771 3693 874 3753 'trumo
907 3703 1007 3771 potest
1034 3696 1086 3750 ae‘r
1114 3691 1147 3748 in
1172 3691 1221 3750 sui

71 3797 240 3860 substantia
261 3796 419 3876 putrefieri
441 3797 742 3878 absquemanilesta¹
760 3798 866 3877 aliqua
888 3796 1067 3855 alteratione
1090 3793 1220 3872 qualita-

72 3903 111 3962 tis
132 3901 214 3976 eins,
237 3898 326 3962 calidi
348 3901 460 3962 scilicet
482 3913 511 3962 et
533 3898 672 3960 humidi:
713 3900 1037 3978 Auernus=nan1que
1057 3913 1127 3956 eum
1145 3913 1220 3954 con-

72 4002 275 4065 siderantibus
297 4003 486 4082 apertissime
507 4000 606 4063 dixit:
631 4013 787 4062 causaest
810 4022 849 4061 ex
864 4000 977 4061 formis
999 3995 1092 4071 coeli,
1120 4008 1221 4054 neces-

72 4107 153 4167 sario
175 4107 286 4167 iaciens
308 4103 398 4165 illud.
442 4107 531 4166 Anne
555 4102 595 4165 ad
617 4107 776 4167 coelestem
805 4103 931 4179 referat,
964 4099 1057 4164 rerba
1086 4097 1152 4159 eius
1173 4097 1222 4156 in·
1280 4177 1282 4182 Α

72 4208 211 4287 telligens
230 4204 351 4267 iudicet.
407 4206 456 4265 De
477 4205 643 4266 universali
664 4219 749 4285 peste
769 4204 969 4282 intelligimus
976 4244 985 4278 ,
1013 4221 1115 4281 neque
1135 4201 1223 4277 igno-

71 4328 189 4384 ramus,
210 4310 426 4388 particularem
446 4305 649 4369 diversimode
671 4326 759 4386 posse
785 4307 919 4379 causari,
946 4301 1127 4366 cadaverum
1148 4311 1222 4380 pata

864 4415 926 4476 ll*

965 4494 979 4523 b
