2806 4800
653 219 729 293 244

122 411 245 492 utrique
267 422 404 470 nostrum
428 409 565 470 intulisse
588 409 750 486 gestiebat,
779 405 898 469 diluere
922 407 1087 484 maculam,
1114 408 1215 470 iacula
1237 432 1275 472 ac

122 515 246 575 missilia
280 523 437 592 utcunque
470 509 645 571 advolantis
675 512 723 572 vel
752 510 895 570 herculeo
925 510 1066 586 excipere
1093 509 1193 590 clipeo
1222 516 1276 576 vel

121 628 261 677 exemere
283 615 408 676 omnino
429 627 458 675 et
479 611 573 686 adeo,
595 625 630 674 ut
651 609 754 695 siquid
777 613 905 673 humani
926 613 959 671 in
981 612 1038 672 illo
1060 619 1147 687 esset,
1168 627 1272 676 aetram

121 717 160 781 de
181 739 213 779 se
231 718 456 797 pronunciaret.
498 715 618 775 Verum
639 716 730 776 aliter
750 737 784 774 ac
802 716 945 794 opinatus
964 735 1031 776 sum
1053 714 1178 778 cecidit:
1209 738 1276 778 non

121 820 202 880 enim
216 817 307 880 modo
328 821 367 880 ab
384 818 508 898 ineptiis
523 818 584 878 illis
606 830 635 878 et
653 816 735 878 vitiis
752 836 815 878 non
838 813 964 892 destitit,
984 814 1036 877 sed
1051 837 1086 883 ea
1100 838 1170 877 cnm
1187 838 1277 879 erro·

120 922 207 982 ribus
229 919 588 1002 duplicavit·vitiunrque
611 919 686 982 vitio
707 917 835 979 addidit.
878 921 911 980 ln
925 941 1018 1001 quem
1038 921 1161 981 simore
1181 920 1276 980 solito

122 1023 245 1084 veritati
265 1036 294 1086 ct
314 1023 443 1103 ingeniis
456 1024 560 1085 favens
581 1020 657 1104 quid
670 1020 807 1100 edidero,
831 1044 949 1097 vereor,
970 1045 1009 1085 ne
1025 1024 1160 1086 levitatis
1183 1025 1276 1085 etin-

123 1121 222 1188 vidiae
250 1125 452 1204 suspicionem
481 1126 646 1186 incurram.
721 1123 782 1188 Sed
816 1123 957 1186 invidere
986 1125 1015 1186 ei
1050 1125 1106 1207 qui
1135 1146 1276 1205 possum,

88 1300 95 1312 Ι
123 1229 178 1310 qui
200 1226 405 1289 misericordia
429 1249 522 1308 quam
546 1226 663 1291 invidia
678 1229 769 1308 plura
790 1225 882 1306 digna
904 1224 1046 1308 scripsit?
1086 1224 1169 1301 Quid
1190 1232 1275 1292 enim

29 1391 33 1405 ,
123 1332 336 1412 speciositatis,
363 1329 439 1412 quid
461 1331 667 1406 sublimitatis,
687 1328 764 1410 quid
786 1331 924 1391 utilitatis
946 1333 1021 1392 haec
1045 1353 1102 1393 sua
1121 1333 1275 1393 recentior

123 1454 197 1513 prae
218 1454 250 1494 se
269 1435 347 1494 ferat
369 1430 483 1494 editio?
528 1430 640 1504 Omnia
666 1435 809 1511 confusa,
840 1437 938 1494 multa
966 1435 1027 1495 sibi
1057 1437 1274 1516 repugnantia,

124 1537 317 1598 cohaerentia
336 1537 441 1611 nulla,
469 1533 547 1597 adeo
568 1549 603 1598 ut
628 1558 684 1598 nec
704 1535 781 1618 quid
811 1538 975 1617 loquatur,
1002 1557 1057 1598 nec
1086 1539 1202 1619 quibus
1224 1560 1275 1600 ar-

124 1638 274 1716 gumentis
295 1639 369 1699 velit
390 1639 539 1718 probare,
563 1638 647 1720 quod
669 1640 828 1722 loquitur,
849 1640 981 1720 perspici
1001 1641 1092 1718 plane
1114 1641 1222 1720 possit,
1244 1656 1275 1703 et

124 1738 315 1818 intelligendi
337 1762 431 1822 quam
449 1726 593 1804 'vincendi
609 1756 708 1804 errata
730 1742 833 1806 minor
845 1743 884 1804 sit
904 1743 1039 1802 facultas.
1081 1741 1182 1803 Nemo
1196 1743 1276 1803 mihi

124 1864 186 1906 non
208 1844 386 1906 facillimum
408 1845 622 1925 persuadebit,
642 1866 712 1907 eum
735 1843 884 1927 quicquid
905 1845 1049 1906 habuerit
1071 1843 1275 1921 somniorum,

124 1948 175 2010 bic
206 1947 328 2027 penitus
358 1947 523 2026 effudisse,
562 1963 597 2011 ut
630 1969 687 2011 suo
713 1969 856 2031 quaeque
891 1949 958 2008 loco
991 1947 1275 2009 manifestissimum

125 2049 290 2113 ostendam.
335 2054 452 2114 interea
472 2057 603 2136 sps'stolac
623 2075 693 2114 strae
715 2051 943 2133 procacissimae
971 2047 1178 2111 discutiendae
1199 2072 1275 2132 ope·

124 2175 189 2216 ram
211 2154 404 2234 impendam,
426 2157 514 2217 cuius
535 2157 721 2237 principium
742 2156 788 2216 rei
812 2150 981 2215 noscendae
1002 2154 1106 2230 gratia
1122 2154 1256 2214 subiecit

249 2261 345 2339 „Quis
365 2265 477 2335 ignorat
499 2262 652 2320 doctissimi
668 2266 720 2320 siri
748 2261 822 2320 stc.’'
843 2291 886 2304 -
930 2256 998 2335 (XI,
1020 2278 1051 2335 p.
1064 2254 1152 2336 221).

126 2357 154 2422 Ο
183 2360 320 2435 linguam
350 2380 492 2420 vesanam
527 2374 557 2421 et
594 2362 753 2441 repentina
784 2359 966 2422 sideratione
1000 2355 1140 2437 dignam!
1181 2379 1275 2440 quarn

126 2476 170 2524 est
190 2461 283 2522 inferi
314 2463 480 2544 superique
509 2460 665 2525 dissimilis
686 2460 779 2524 ratio!
815 2461 958 2524 Conferri
977 2461 1068 2522 illum
1098 2480 1169 2523 cum
1200 2461 1275 2524 viris

127 2564 176 2624 his
216 2561 329 2624 divinis
361 2583 423 2624 non
462 2576 524 2639 est,
565 2566 626 2626 nisi
662 2566 724 2626 acsi
763 2585 832 2626 curn
865 2583 957 2625 corvo
994 2564 1134 2643 rignum,
1179 2569 1276 2627 solem

126 2686 194 2728 cum
227 2666 291 2727 face
321 2667 468 2729 conferas.
532 2664 618 2742 Quae
645 2665 852 2748 impudentia,
890 2664 976 2748 quod
1005 2665 1153 2730 dedecus!
1194 2669 1273 2731 Cum

126 2771 208 2830 eninr
248 2771 417 2854 maioribus
459 2770 580 2832 minora
627 2783 852 2851 coaequantur,
896 2769 1050 2830 inferioris
1087 2773 1274 2851 comparatio

126 2892 229 2933 nonne
258 2871 382 2932 maioris
411 2873 526 2932 iniuria
555 2869 620 2934 est?
673 2871 769 2933 Addit
798 2873 989 2950 arrogantiae
1017 2871 1107 2946 huic,
1133 2874 1275 2936 homines

126 2975 256 3036 leviores
277 2973 353 3050 sibi,
376 2973 442 3036 viro
465 2975 497 3034 in
518 2996 551 3035 re
571 2973 706 3036 literaria
727 2971 863 3035 studiose
884 2974 1028 3051 certanti,
1058 2972 1187 3036 adversa
1206 2995 1276 3037 mo·

125 3079 185 3138 liri.
238 3078 320 3136 Proh
349 3097 520 3138 sermonem
547 3073 707 3156 puditum!
740 3062 886 3158 'quamvis
924 3095 994 3136 eum
1028 3087 1152 3136 certasse
1180 3076 1277 3136 confi-

126 3181 183 3244 teri
204 3199 253 3240 me
282 3192 438 3260 oporteat,
471 3177 557 3261 quod
585 3181 701 3242 utinam
737 3181 874 3240 humano
905 3177 1001 3255 magis
1029 3198 1122 3258 quarn
1148 3178 1277 3238 beluino

126 3303 211 3343 more
232 3303 266 3342 ac
285 3284 365 3358 ritu,
398 3283 477 3344 veris
502 3283 689 3361 argumentis
716 3301 810 3362 quam
831 3277 1016 3341 somnorinis
1042 3276 1276 3340 delirationibus

126 3382 159 3444 id
182 3382 307 3460 egisset!
351 3381 437 3458 Quae
460 3383 516 3460 sit,
554 3407 648 3467 quarn
670 3385 749 3445 mihi
771 3383 892 3456 obiicit,
924 3382 1048 3456 levitas,
1079 3381 1207 3441 auribus
1230 3381 1278 3440 in·

127 3482 278 3547 combite!
313 3485 365 3560 Si,
393 3488 449 3567 qui
470 3508 529 3566 pro
551 3490 687 3551 veritatis
707 3490 774 3548 luce
796 3500 927 3568 pugnat,
956 3504 1065 3546 manus
1092 3505 1160 3545 cunr
1190 3486 1277 3546 hoste

128 3587 273 3663 conserit,
295 3588 424 3650 levitatis
445 3592 569 3652 nomine
586 3591 701 3652 censeri
721 3589 824 3666 debet,
854 3610 911 3668 ego
939 3609 1066 3671 quoque
1093 3586 1172 3649 levis
1199 3607 1275 3648 sum.

127 3695 171 3754 Eo
192 3691 332 3752 instituto
354 3691 405 3752 hic
426 3692 540 3754 bestius
561 3714 617 3773 per
638 3712 758 3754 emnem
782 3705 909 3754 aetatem
931 3705 961 3752 et
982 3710 1102 3770 semper
1127 3689 1219 3764 vixit,
1240 3699 1273 3747 ut

126 3797 192 3876 ipse
212 3792 369 3875 lapidibus
398 3806 427 3856 et
449 3797 560 3859 meracis
589 3810 678 3860 natus
701 3796 854 3858 communi
874 3794 966 3856 saluti
994 3806 1023 3854 et
1055 3795 1205 3854 humanae
1222 3807 1274 3850 so·

127 3899 226 3960 cietati
247 3899 437 3960 consulentes
456 3899 620 3962 insectetur
646 3912 678 3961 et
697 3900 828 3960 infestet.
871 3898 954 3958 Haec
975 3914 1094 3955 summa
1115 3895 1205 3957 ritas.

214 4001 290 4061 Tria
310 4001 409 4063 adbuc
427 4002 460 4062 in
472 4003 599 4083 epistola
611 4003 706 4080 magis
718 4001 858 4081 angentia
870 3995 1015 4060 diluenda
1025 4010 1149 4058 restant.
1193 3993 1280 4070 Quo·

126 4120 196 4163 nun
218 4098 413 4162 durissimum
436 4116 466 4165 et
487 4117 658 4165 extremum
675 4105 812 4181 primum
834 4113 888 4176 est,
910 4097 995 4182 quod
1018 4096 1108 4159 draco
1128 4099 1180 4159 bic
1200 4099 1282 4177 igni·

127 4222 237 4267 tomus
258 4223 306 4264 me
328 4209 504 4268 sceleratum
526 4204 609 4269 adeo
631 4206 739 4281 latrat,
760 4219 795 4267 ut
825 4207 910 4266 nulla
938 4204 1052 4266 virtute
1080 4197 1281 4263 redimendus
1356 4274 1361 4284 ·

126 4306 200 4376 sim.
239 4301 267 4367 0
290 4319 394 4385 pectus
417 4310 515 4370 livore
537 4305 715 4386 fecundum,
745 4309 890 4371 brevibus
912 4306 1017 4390 gyaris
1039 4319 1070 4368 et
1090 4324 1211 4366 carcere
1233 4300 1283 4363 di·
