2806 4800
666 221 713 296 59

128 417 180 480 vel
196 415 343 479 amicitiae
363 413 430 474 iura
452 413 697 474 observaverunt.
751 407 836 486 Quae
857 409 1016 475 infidelitas
1035 433 1149 476 novum
1171 433 1254 476 moe·
1309 390 1314 399 ,

128 540 228 584 acrem
251 538 291 579 ex
310 515 425 577 intimis
446 514 610 575 visceribus
631 513 781 574 excitavit.
823 515 922 591 Tunc,
941 516 1082 598 inquam,
1101 514 1184 597 apud
1205 538 1255 579 me

129 621 230 700 ipsum
247 621 426 694 vanitatem,
452 613 556 692 dolos,
584 614 705 677 fraudes
726 614 931 697 st'perfidiam
953 619 1045 680 huius
1065 620 1255 681 mortalitatis

129 723 241 784 crebris
262 720 398 800 suspiriis
416 719 488 778 hinc
507 715 752 799 indepensitavi3
772 732 803 782 at
817 740 912 802 quum
926 741 965 781 ex
986 722 1127 783 omnibus
1149 722 1256 784 mundi

128 825 302 887 levitatibus
320 819 403 884 haud
418 834 534 885 tantum
545 820 751 896 firmitudinis,
772 822 952 882 constantiae
973 835 1003 884 et
1022 821 1181 887 soliditatis
1191 837 1256 888 tcta

131 926 401 989 considerationum
422 928 501 988 arole
513 922 777 1007 decerpeieporui,
800 939 947 1008 qttaatum
965 927 995 985 in
1014 925 1112 988 aradae
1128 926 1255 991 decursu

129 1032 256 1109 intelligi
275 1043 382 1110 potest,
401 1051 450 1090 me
462 1032 526 1092 sine
538 1032 676 1093 molestia
696 1031 875 1092 asociorum
887 1028 1100 1090 consuetudine
1122 1044 1152 1093 et
1171 1033 1255 1094 carui

128 1135 225 1195 aulico
245 1135 323 1196 fastu
345 1153 474 1195 atomus
495 1135 630 1196 ultroin
651 1132 823 1196 solitudinis
843 1153 972 1195 carceres
994 1131 1115 1195 conieci.

211 1237 430 1298 Verumtamen
452 1250 613 1320 postquam
638 1237 729 1300 officii
764 1239 906 1298 exercitio
940 1251 970 1299 et
989 1238 1114 1299 militiae
1139 1240 1253 1316 labore,

127 1340 182 1421 qui
212 1341 404 1418 cogitationes
444 1362 463 1400 a
490 1337 631 1401 dolorum
667 1340 881 1421 punctionibus
904 1353 1045 1401 *arenosa
1082 1352 1112 1402 et
1148 1360 1254 1403 omnes

126 1441 348 1520 aegritudinum
387 1445 539 1506 molestias
576 1446 777 1524 utplurimum
816 1444 968 1504 refrenare
1004 1445 1119 1519 solent,
1161 1445 1255 1519 carui,

126 1559 228 1609 tumor
243 1544 446 1626 ipse.glandis
469 1548 502 1607 in
522 1546 605 1608 mille
627 1546 741 1609 fistulas
761 1549 912 1608 resolutus
934 1559 993 1622 est,
1030 1567 1108 1628 quae
1129 1546 1254 1629 qttidem

125 1648 264 1728 putidam
291 1651 405 1710 saniem
433 1647 472 1709 ad
504 1663 636 1732 quatuor
661 1651 736 1711 sere
754 1670 871 1712 menses
902 1650 1014 1729 iugiter
1045 1665 1255 1715 evomuerunt.

127 1752 165 1811 Et
184 1771 358 1831 quumeam
379 1748 476 1830 ips‘am
497 1754 757 1832 suppurationem,
779 1774 857 1835 quae
879 1765 908 1815 et
926 1754 959 1813 in
983 1753 1092 1832 penem
1115 1765 1143 1814 st
1156 1755 1255 1815 coleos

129 1848 326 1912 descendebat
360 1850 543 1934 eosdemque
572 1875 630 1933 pro
662 1877 770 1934 magna
800 1867 887 1934 parte
924 1856 1130 1930 extuberabat,
1168 1859 1253 1919 nullo

128 1951 334 2015 medicaminIs
355 1975 463 2032 genere
485 1956 589 2016 sistere
616 1959 721 2035 potui,
752 1955 914 2039 quemdam
937 1958 1114 2036 empiricam
1133 1961 1255 2020 solertia

128 2068 158 2116 et
195 2068 260 2116 arte
296 2057 491 2136 perspicuum
532 2058 669 2137 coniugi,
701 2060 756 2140 qui
787 2057 970 2138 diapasmate
1002 2061 1254 2121 exulcerationem

126 2178 282 2237 aggressus
309 2164 428 2219 tantum
459 2158 595 2222 dolorem
616 2162 736 2237 intulit,
767 2159 852 2244 quod
882 2161 996 2222 nullius
1024 2163 1153 2223 membri
1174 2185 1256 2225 com-

127 2282 182 2343 pos
204 2262 258 2322 fui.
309 2261 353 2322 Eo
383 2274 483 2324 tamen
511 2265 743 2354 inspergimine,
763 2265 991 2346 ¹qualecumque
1011 2263 1088 2338 luit,
1114 2269 1255 2345 pestilera

128 2364 258 2455 qaralitas
275 2365 308 2426 in
329 2380 461 2449 quatuor
491 2381 521 2431 et
541 2368 649 2448 viginti
681 2370 766 2430 horis
786 2366 825 2428 ad
846 2366 1049 2430 obedientiam
1069 2366 1187 2431 redacta
1214 2393 1254 2434 ex

127 2470 186 2530 ltus
214 2483 380 2551 suppurata
411 2486 440 2534 st
477 2485 559 2534 arcto
586 2475 653 2534 loco
680 2473 848 2534 retrocessit
875 2484 967 2553 atque
994 2472 1027 2531 iu
1055 2474 1157 2533 multis
1187 2475 1254 2535 aliis

126 2573 200 2633 locis
227 2594 366 2636 verrucas
388 2577 500 2655 passim
522 2576 655 2637 incutis
681 2574 869 2655 superficiem
894 2575 991 2650 elisit,
1033 2573 1087 2634 ubi
1114 2575 1253 2636 latiorem

127 2671 272 2736 ditionem
303 2691 406 2739 nactus
436 2681 521 2739 nulla
551 2680 713 2740 celebrium
745 2693 774 2741 et
802 2679 969 2739 illustrium
996 2673 1182 2738 medicorum
1206 2677 1256 2736 iu-

128 2774 242 2843 dustria
261 2781 408 2862 nullaque
428 2779 643 2842 medicinarum
664 2782 777 2842 virtute
808 2781 943 2862 opprimi
955 2791 993 2841 at
1012 2779 1126 2859 expelli
1145 2780 1255 2858 potuit.

214 2877 282 2955 Qua
301 2903 335 2942 rs
358 2881 582 2960 animadversa,
611 2884 782 2946 lucrionum
804 2897 833 2946 et
854 2886 1065 2946 circulatorum
1086 2883 1185 2962 copias
1206 2904 1255 2943 ac-

127 2984 202 3058 civi,
224 2997 257 3045 ut
279 2986 374 3046 hostis
394 2989 606 3066 pertinaciam,
626 2989 823 3050 temeritatem
846 3001 876 3049 et
895 2988 1087 3049 insolentiam
1109 2987 1256 3073 unaflvin·

127 3109 193 3148 cere
213 3090 410 3151 elaborarent.
459 3093 540 3154 Tum
559 3111 640 3151 arnus
661 3113 679 3151 e
697 3104 782 3152 coetu
804 3087 947 3150 audacior
967 3090 1087 3163 ceteris,
1115 3091 1171 3169 qui
1191 3112 1255 3152 sar·

126 3202 176 3251 tor
190 3188 344 3270 quondam
366 3191 462 3253 fuerat
483 3213 626 3272 acquum
649 3211 710 3252 non
731 3192 803 3251 satis
823 3191 900 3250 lucri
920 3210 959 3250 ex
978 3210 1034 3251 suo
1054 3189 1178 3252 artificio
1199 3194 1255 3254 ha-

125 3294 231 3366 beret,
259 3289 424 3351 medicinae
454 3293 672 3372 professionem
699 3292 759 3352 sibi
793 3287 1012 3367 vindicaverat,
1044 3294 1182 3370 monuit,
1221 3310 1255 3359 ut

126 3395 210 3453 bono
241 3412 336 3454 essem
371 3393 489 3471 animo,
536 3394 598 3455 suis
633 3394 713 3455 enim
748 3395 905 3474 interpolis
938 3396 1019 3456 solus
1048 3393 1255 3460 adversarium

126 3496 232 3573 fugare
253 3496 353 3556 vellet.
395 3497 601 3572 Emeritam,
621 3519 674 3578 sps
695 3498 828 3560 sanitatis
850 3498 959 3574 fretus,
989 3497 1111 3560 credidi.
1161 3501 1254 3565 Forte

125 3599 230 3679 aliquo
251 3597 368 3660 iuratus
389 3611 452 3661 erat
473 3601 669 3680 emplastrum
690 3622 729 3662 ex
747 3615 871 3681 argento
893 3602 980 3677 vivo,
1010 3603 1143 3664 alumine
1171 3623 1253 3664 ccm-

124 3702 230 3775 busto,
261 3702 360 3762 resina
381 3703 465 3782 pini,
486 3724 606 3779 cerusa,
636 3705 773 3783 litargico
803 3705 871 3766 auri
900 3717 929 3766 et
954 3705 1090 3784 argenti,
1121 3706 1254 3781 mastica,

126 3805 249 3865 olibano
264 3817 293 3866 et
305 3826 371 3865 cera
391 3807 470 3882 alba,
482 3803 574 3890 *qaod
595 3802 719 3890 quidem
734 3808 859 3869 antehac
879 3808 1253 3886 summopereablaorrue·

124 3927 208 3981 ram3
230 3927 284 3982 eo,
313 3928 361 3968 me
382 3929 443 3970 non
466 3908 673 3971 considerante
693 3908 848 3986 fraudem,
878 3922 947 3988 post
973 3909 1121 3974 modicam
1146 3922 1253 3974 'autem

125 4010 270 4086 temporis
288 4008 541 4090 intercapedinem
561 4011 681 4093 liquido
702 4024 833 4088 notante,
852 4009 934 4091 apud
952 4010 1077 4073 calidam
1097 4013 1251 4078 fornacem

124 4122 223 4171 totum
243 4130 351 4189 corpus
370 4134 472 4173 meum
493 4114 630 4196 quotidie
651 4115 697 4177 bis
715 4115 848 4177 inunxit.
889 4113 953 4175 Nec
981 4113 1086 4191 opinio
1114 4137 1183 4178 eum
1205 4121 1251 4181 fe-

124 4211 215 4286 fellit,
232 4214 387 4291 ‚ursoniam
409 4217 538 4294 septimo
557 4213 608 4277 die
635 4237 684 4277 me
715 4237 840 4295 prorsus
862 4215 1075 4295 interpolavit,
1097 4218 1251 4282 mundum

124 4331 154 4379 et
174 4316 304 4396 politum
326 4315 358 4375 in
380 4319 520 4381 manibus
542 4318 686 4391 menbris
707 4319 846 4382 effecitt..¹
