2806 4800
626 257 702 328 277

180 447 223 506 Tu
236 448 391 526 *praalon
412 455 467 505 ete.
484 461 537 489 ·-·
570 443 738 523 Multiplex
760 443 793 503 in
825 443 875 503 hie
891 454 931 503 et
956 462 1043 505 error
1069 457 1105 505 et
1120 457 1238 506 contra·

92 545 184 609 dictio
206 559 269 608 est:
299 559 366 607 tum
388 541 473 628 quod
502 541 706 607 subalternam
735 540 916 607 medicinam
938 546 1071 605 neutrali
1100 545 1239 624 philoso-

91 651 183 731 phiae
198 647 285 708 ,sitit
304 646 389 709 aliud
412 660 472 724 est,
505 669 597 729 qttam
627 646 699 710 iude
720 649 801 708 hanc
815 647 892 709 sua
910 647 1044 727 recipere
1072 646 1239 726 principia3

91 746 353 833 quemadmodum
374 749 455 810 enim
480 749 656 814 uno‘modo
678 751 792 812 habere
809 738 960 829 principi¹
981 767 1043 810 nou
1066 759 1112 809 est
1132 743 1171 808 ds
1190 766 1240 808 me

92 855 176 914 tione
197 852 337 913 scientiae
364 852 397 912 in
419 853 592 930 communi,
619 854 662 915 ita
683 852 884 915 necessarium
904 862 967 929 est,
1001 852 1240 912 subaltesnatam

92 955 132 1015 ab
154 974 203 1031 ea,
223 955 255 1014 in
279 967 312 1016 et
326 954 383 1016 sub
405 975 469 1036 qua
489 955 632 1031 nuscitur,
651 955 777 1035 propria
798 955 944 1033 recipere.
988 952 1239 1015 Tolleatithme·
1314 938 1317 943 ⁴

92 1060 198 1136 ticam,
227 1061 508 1122 nihilmonstrabit
530 1056 680 1138 musione}
709 1061 782 1121 tolle
809 1058 1058 1140 philosophiam,
1088 1058 1133 1116 nil
1151 1072 1239 1115 mon·

92 1164 201 1224 stmhit
218 1160 371 1238 medieas,
391 1183 448 1222 nec
468 1163 525 1224 erit
547 1159 623 1244 quid
642 1159 675 1222 in
695 1183 799 1224 remim
822 1175 939 1223 natura.
981 1158 1062 1220 Dein
1075 1157 1162 1240 quod
1184 1178 1238 1219 na·

92 1267 199 1327 tsualis
226 1267 425 1346 philosophia
447 1286 509 1327 non
532 1279 633 1345 potest
652 1263 727 1326 dare
748 1263 866 1326 medico
887 1262 1238 1342 communia'principim

92 1389 160 1429 cum
181 1366 221 1428 ad
241 1370 340 1448 ipsam
361 1387 425 1430 non
446 1381 598 1448 spectent,
624 1366 678 1430 sed
699 1365 739 1429 ed
760 1368 898 1430 scientias
917 1386 1133 1440 conmmunes,
1160 1365 1239 1443 logi·

91 1489 155 1530 earn
177 1483 252 1549 puta
264 1483 294 1532 et
313 1472 560 1552 metaphysicam.
604 1464 733 1550 Propria
754 1490 827 1549 ergo
844 1470 1004 1551 principia,
1024 1471 1084 1531 hoc
1100 1480 1155 1545 est,
1168 1466 1238 1549 qui-

91 1573 149 1634 bus
172 1573 248 1634 etin
261 1593 324 1634 esse
345 1573 542 1635 constituitur
563 1586 592 1634 et
612 1570 870 1651 distinguiturab
886 1573 965 1648 aliis,
985 1570 1135 1633 medicina
1150 1583 1237 1632 extra

91 1676 327 1739 controversiam
357 1697 384 1735 a
403 1677 591 1756 philosopho
620 1677 729 1756 recipit
747 1696 816 1756 -per
853 1675 982 1737 subiecti
1018 1673 1236 1737 alterationem.

91 1776 173 1836 Nota
192 1779 253 1837 hoc
271 1779 411 1839 verbum.
466 1776 585 1853 Quodsi
615 1780 648 1839 in
683 1777 834 1840 medicina
861 1778 1086 1859 suppositiones
1117 1777 1179 1839 sint
1208 1789 1237 1838 et

92 1876 307 1955 diffinitiones,
326 1898 459 1960 quarum
480 1881 550 1942 una'
564 1901 786 1962 nonnunquam
806 1881 959 1960 probandi
977 1884 1104 1942 alteram
1124 1877 1238 1958 princi·

92 1981 180 2060 pium
200 1993 262 2057 est,
281 1982 340 2041 hee
360 1993 464 2042 tamen
485 1984 598 2042 relatae
619 1979 658 2041 ad
681 1983 813 2060 primam
824 2025 833 2057 ,
856 2003 874 2043 a
895 1983 982 2042 cuius
1003 1983 1119 2042 truitate
1139 1978 1237 2040 medi·

92 2084 159 2144 cina
173 2104 235 2143 ttuu
247 2081 370 2159 dicitur,
391 2083 592 2144 conclusionis
617 2085 683 2143 loco
705 2083 867 2158 habentur,
888 2083 1026 2162 alioquin
1046 2080 1146 2164 (quod
1167 2101 1237 2159 pac·

91 2185 270 2248 ticularihus
288 2197 322 2246 et
341 2185 539 2249 inferioribus
560 2187 693 2248 scientiis
713 2185 879 2269 repugnat)
912 2183 1066 2246 medicina
1090 2185 1236 2263 probaret

92 2309 148 2350 sua
166 2287 326 2367 principia.
380 2290 418 2350 Et
439 2308 510 2371 quo·
533 2309 640 2351 verum
662 2308 749 2377 esse,
764 2288 849 2372 quud
870 2309 961 2369 saepe
981 2287 1072 2349 retuli
1083 2329 1093 2364 ,
1121 2299 1151 2349 te
1173 2306 1237 2346 me·

92 2390 251 2452 chanicum
272 2413 307 2452 ac
327 2392 482 2471 pistorem
514 2389 688 2454 ostenderes
695 2392 714 2468 ,'·
725 2389 946 2472 pudentissimo
965 2403 1069 2453 errore
1089 2388 1238 2450 subalter-

92 2494 246 2555 nationem
266 2495 460 2556 scientiarum
483 2491 591 2580 (quarn
613 2516 734 2558 summo
760 2495 886 2575 ingenio
904 2493 1104 2575 maximoque
1132 2492 1237 2552 labore

90 2617 149 2676 pro
172 2596 305 2658 scientiis
325 2596 434 2660 mediis
455 2599 618 2678 praecipue
647 2599 767 2662 invenit
787 2598 1013 2680 Anterormrs)
1037 2595 1087 2657 ad
1116 2597 1237 2656 mecha·

91 2702 173 2760 nicae
200 2701 360 2776 retulisti,
378 2715 413 2764 ut
436 2702 487 2763 eas
511 2722 638 2786 quoque
659 2704 880 2764 subalternatau
908 2699 1039 2774 diceres,
1071 2718 1151 2780 quae
1171 2699 1237 2757 eine
1288 2681 1297 2690 ³

91 2803 216 2863 alterius
237 2802 423 2866 adminiculo
442 2801 580 2867 exerceri
603 2817 770 2886 nequeunt.
822 2803 850 2868 0
870 2802 1031 2886 physicum
1059 2797 1236 2862 erroneum!

91 2906 207 2964 nullam
228 2906 310 2966 enim
331 2904 510 2986 dignitatem
541 2905 641 2990 (quod
672 2907 706 2968 in
733 2909 838 2969 schola
866 2914 1036 2988 puerorum
1063 2897 1236 2984 docuimus)

90 3007 201 3070 scilicet
224 3011 272 3071 vel
293 3010 430 3087 subiecti,
451 3013 502 3073 vel
526 3009 625 3087 modi,
649 3029 743 3090 penes
758 3026 846 3092 ‘quae
864 3007 1084 3072 subalternatio
1101 3000 1236 3064 intendi·

90 3121 157 3185 tur,
176 3123 256 3172 artes
277 3113 472 3173 mechanicae
490 3113 570 3174 inter
590 3133 623 3174 se
645 3113 768 3172 hahent.
1066 3108 1069 3113 ’
1172 3117 1175 3121 ’
1219 3106 1223 3112 ’

177 3216 276 3278 Nonne
296 3227 322 3275 ct
341 3217 428 3295 probe
450 3227 504 3274 etc.
527 3246 567 3258 -
610 3213 805 3289 Figmentum
828 3223 881 3271 est.
935 3210 1007 3272 Non
1028 3207 1142 3282 deliro,
1172 3225 1235 3266 teon

91 3319 187 3396 lingo,
208 3316 278 3376 non-
292 3335 410 3394 nugor3
439 3314 608 3376 doctrinam
631 3335 746 3389 meam,
768 3333 848 3395 quae
861 3313 954 3374 ¹ttttllst
977 3323 1036 3388 est,
1057 3329 1120 3371 non
1140 3309 1234 3386 iacto,

90 3424 116 3482 si
138 3440 224 3492 erro,
246 3418 417 3476 humanum
441 3429 494 3478 est.
547 3444 550 3461 =
1110 3424 1112 3430 '
1192 3473 1197 3480 ,

175 3524 300 3600 Sopr'lum
330 3518 463 3599 refricari
489 3521 584 3580 uolnus
605 3531 659 3581 etc.
680 3553 723 3567 -
771 3519 838 3580 Hoc
868 3530 930 3594 est,
959 3517 1082 3592 Sternet
1095 3538 1099 3553 ·
1112 3518 1235 3592 vulnus,

90 3620 174 3706 quod
196 3623 331 3703 sopitum
352 3623 524 3684 resricuisti.
566 3623 645 3686 Nam
668 3622 743 3684 dnm
762 3624 868 3703 plures
895 3622 929 3682 iu
951 3616 1139 3682 medicorum
1161 3619 1234 3677 almi

88 3723 183 3788 studii
204 3725 361 3806 Lipesnsie
384 3726 512 3804 collegio
541 3727 772 3807 philosophiet
793 3724 921 3800 medici,
948 3724 1093 3801 insignes
1112 3740 1184 3780 sane
1205 3731 1234 3778 ct

88 3829 281 3906 excellentes,
299 3824 518 3905 inveniantur,
534 3849 597 3912 quo
618 3843 658 3892 te·
670 3831 773 3892 solutn'
791 3841 892 3890 tamen
914 3825 1065 3887 medicum
1078 3820 1232 3882 aestimari

87 3934 188 4010 lacius,
209 3936 292 3995 hune
315 3956 426 4014 parum
449 3936 600 4011 solertem,
622 3935 711 3994 illum
733 3928 890 3995 indoctum
902 3928 985 4010 apud
1001 3929 1125 4008 plebeos
1144 3941 1233 4002 prae·

87 4033 168 4097 dicas
189 4056 357 4118 omnesque
374 4037 510 4115 lacessis,
532 4033 693 4100 conscendis
716 4044 904 4116 ettanqnam
921 4049 1072 4094 venenum
1094 4023 1233 4104 eupsetie

87 4135 271 4212 saevissima,
294 4137 378 4218 quod
393 4158 454 4199 uon
466 4136 622 4219 negabunt
632 4138 784 4221 requisiti,
797 4137 957 4196 molestae.
977 4151 981 4157 ’
1000 4128 1119 4204 Qua-et
1132 4130 1233 4190 cinnae

87 4238 202 4316 pariter
222 4241 351 4316 grassari
372 4243 516 4320 coepisti,
539 4241 592 4303 sed
615 4256 764 4325 quantum
788 4242 885 4303 tnlere
906 4237 996 4311 vires,
1016 4233 1234 4313 divino-prae-

86 4336 165 4403 sidio
187 4340 243 4401 tibi
258 4341 495 4403 constantissime
515 4341 622 4420 restiti,
641 4365 696 4406 nec
717 4363 854 4425 unquam
871 4340 1000 4420 patiare
1021 4351 1050 4400 te
1072 4334 1231 4416 supprimi.
