2806 4800
672 219 748 292 268

137 423 209 490 post
228 411 346 492 aliquot
373 429 469 470 annos
495 426 717 488 nonnunquam
745 408 930 480 coniectare,
960 406 1223 489 quemndmodum
1251 411 1292 473 de

137 513 261 575 comede
279 525 308 574 et
330 511 583 591 impressionibus
605 510 776 588 insignibus
796 532 831 571 ec
852 512 996 571 monstris
1027 513 1191 573 memorius
1213 534 1290 593 pru·

137 613 236 676 ditum
258 628 319 692 est,
338 635 439 696 neque
461 614 521 674 hoc
541 626 643 674 tamen
663 625 780 674 certum
802 625 846 674 ast
869 626 899 674 et
919 625 1114 692 perpetuum

138 740 153 763 ·-
190 756 194 765 ·
227 717 271 777 Tu
289 719 364 776 sulrss
388 717 568 796 flocclpordr's
588 727 642 776 eto.
664 746 707 763 -·
750 714 785 778 Si
807 714 958 775 referatur
986 716 1122 775 exclusio
1150 714 1288 778 nd'sub·

137 819 260 894 isdum,
282 817 396 878 locutio
410 817 486 877 falsu
508 829 570 894 est3
591 837 662 877 usur
674 837 829 878 csessmm
849 817 942 894 leges,
962 816 1139 895 pontificum
1154 823 1288 882 sanctio·

137 943 192 984 nes
213 942 248 982 ec
263 922 401 982 omnium
415 922 707 1002 :philosophantium
717 924 826 1003 placita
848 923 1042 999 astrulogiam
1065 926 1149 985 velut
1163 945 1183 984 n
1204 925 1288 987 veri·

137 1036 200 1085 tate
214 1027 404 1087 aversionem
420 1024 660 1105 floccipendunts
681 1028 708 1089 si
724 1046 798 1088 vern
813 1023 852 1086 sd
868 1023 1086 1104 praedicatum,
1106 1046 1169 1087 non
1184 1026 1287 1088 llooci·

138 1126 242 1206 pendo
261 1130 379 1202 selum,
405 1126 571 1188 sedetiam
593 1141 771 1202 eontenmo,
797 1129 835 1187 iu
854 1147 931 1188 -esm
960 1125 1102 1207 disputo,
1133 1125 1288 1210 tradoque

135 1233 188 1314 (ut
207 1233 394 1294 christicolas
415 1229 513 1314 decet)
534 1232 693 1292 ultricibus
716 1231 855 1292 flammis.
896 1268 899 1273 ·

225 1337 287 1398 Nec
306 1335 441 1394 umatus·
459 1354 584 1414 unquam
605 1343 660 1391 etc.
683 1364 728 1381 —···
749 1334 799 1392 De
819 1333 986 1395 commissis
1008 1330 1133 1410 perdel
1155 1334 1285 1411 gratiam

139 1455 296 1516 nunquam
319 1435 445 1508 erubui,
467 1431 505 1493 de
525 1429 747 1492 committendis
768 1433 953 1510 plurimum:
982 1436 1100 1494 rubens
1121 1436 1209 1494 enim
1232 1435 1287 1496 ud·

139 1539 201 1596 buc
221 1557 240 1596 a
266 1548 425 1610 matre,·s
445 1534 531 1597 cunis
559 1534 654 1613 ipsis,
687 1534 751 1595 imo
779 1535 881 1612 primo
909 1537 1015 1612 vagitu
1037 1555 1168 1616 usqtrnm
1182 1535 1230 1597 ad
1252 1536 1283 1603 id

138 1640 252 1701 aetatis·
266 1639 424 1720 antiquius
446 1638 525 1698 nihil
546 1637 671 1711 curati,
696 1656 792 1716 qtranr
811 1638 949 1699 animum
970 1639 1063 1698 simul
1095 1650 1128 1698 et.
1146 1639 1284 1716 linguam

139 1764 157 1803 s
181 1744 328 1822 cuiusque
348 1741 526 1821 praesertim
546 1738 692 1800 immeriti
712 1739 922 1813 contumeliis,
946 1740 1080 1814 iniuria,
1099 1738 1286 1805 detractione

140 1857 318 1925 temperare.
810 1856 813 1861 '

146 1984 150 1991 ·
198 1981 201 1991 ·
226 1950 454 2008 Mnsrimdinmsm
474 1969 568 2024 regem
587 1950 781 2007 Romanorum
800 1958 856 2006 etc.
879 1952 921 1991 -'
970 1947 1060 2006 Mille
1080 1947 1286 2028 aequiparen-

140 2048 327 2112 tiasmodis:
349 2051 583 2111 instrumentum
607 2047 657 2109 dei
678 2061 758 2122 sunt,
780 2048 941 2128 utriusque
958 2060 1091 2125 potestas
1104 2048 1288 2127 profectitia,

139 2150 309 2227 dominica,
329 2174 348 2212 a
369 2151 427 2214 deo
448 2149 605 2227 ordinata3
637 2151 755 2210 coaluus
775 2149 854 2224 tegit
873 2149 991 2208 lumine
1012 2161 1043 2209 et
1062 2161 1289 2222 motu,··caesnr

139 2256 259 2332 legibus
281 2269 311 2316 et
332 2255 442 2331 armis3
481 2254 598 2314 coelum
630 2250 739 2312 mundi
766 2254 820 2311 lex
841 2264 886 2312 est
908 2249 1075 2325 destinata,
1105 2271 1206 2312 caesar
1237 2254 1289 2313 lex

139 2356 281 2416 animata.
324 2357 393 2416 Heu
416 2375 510 2436 quam
531 2352 659 2433 desipis!
680 2351 940 2414 Audicuiusdam
962 2352 1131 2414 distichon:

251 2459 341 2517 Astra
360 2454 418 2516 deo
440 2457 486 2516 nil
507 2457 603 2534 magis
623 2458 755 2532 hubent,
775 2458 820 2516 nil
841 2477 959 2518 caesore
983 2469 1082 2532 terra,
1108 2500 1111 2509 .
1156 2532 1159 2537 ¹

292 2559 342 2621 Sic
364 2578 465 2618 caesar
486 2572 616 2633 terram,
636 2560 678 2619 sic
699 2559 777 2636 regit
797 2571 879 2619 astra
899 2557 985 2619 deus.

141 2662 202 2728 Sed
223 2663 324 2744 qualis
345 2673 389 2722 est
410 2661 524 2722 isthaec
544 2662 689 2724 illationis
710 2675 780 2723 tuae
800 2661 866 2724 vis?
911 2662 1039 2723 Caelum
1061 2675 1105 2723 est
1127 2683 1217 2724 causa
1239 2683 1289 2724 ur·

142 2766 246 2826 dinetn
267 2782 384 2837 eorum,
405 2783 484 2842 quse
503 2764 536 2823 in
549 2762 677 2825 ¹mundo
696 2764 847 2839 inferiori,
866 2760 899 2823 id
913 2776 956 2825 est
978 2765 1166 2838 elementari,
1188 2764 1290 2824 stite·

143 2880 266 2948 perator
287 2866 364 2944 regit
386 2862 434 2946 (ut
454 2879 490 2926 tu
511 2865 601 2949 dicis)
621 2869 751 2930 arbitrio
773 2883 803 2931 st
824 2882 919 2946 nutu,
942 2888 1015 2946 ergo
1036 2888 1092 2946 per
1113 2868 1242 2947 eclipses
1261 2882 1291 2929 et

143 2967 379 3031 coniunctiones
391 2987 515 3045 magnas
537 2970 682 3048 astrologi
698 2989 761 3031 non
782 2981 951 3051 supputent
972 2982 1121 3049 tempora.
1165 2971 1289 3031 lamiam

143 3069 295 3133 incidebat
318 3083 347 3130 et
368 3072 459 3148 longe
480 3073 578 3133 maior
597 3071 766 3135 similitudo
798 3074 925 3135 caeseris
953 3071 993 3133 sd
1018 3075 1158 3146 coelum,
1194 3092 1290 3153 quam

143 3176 190 3238 tui
211 3173 252 3236 ad
275 3173 445 3236 socrus-ru
465 3175 515 3234 vel
535 3176 580 3236 Μ.
593 3177 632 3237 Τ.
649 3176 838 3253 Cremonen,
860 3197 940 3258 quae
961 3177 1001 3237 ub
1017 3174 1130 3254 gradus
1150 3172 1291 3239 doctora-

146 3279 184 3338 lis
207 3277 408 3338 reverentiam
432 3278 464 3337 in
485 3281 601 3340 calamo
622 3280 672 3342 sit.

231 3382 418 3440 Aurum
438 3388 523 3444 etiam
542 3396 596 3444 etc.
618 3416 659 3430 ·-
703 3383 830 3445 Guelum
853 3397 897 3445 est
918 3383 1104 3462 pestilentiae
1125 3404 1214 3447 causa
1236 3406 1291 3465 per

146 3479 292 3556 accidens,
314 3503 387 3560 ergo
408 3487 595 3547 naturalium
616 3489 904 3548 transmutationum
925 3488 957 3546 in
968 3489 1099 3565 sphaera
1119 3490 1288 3551 activomrm

148 3598 178 3646 et
197 3586 406 3664 passivorum,
429 3586 580 3651 discursus
602 3592 749 3670 pistrinus
772 3606 831 3653 est:
852 3613 923 3652 nam
945 3590 1021 3652 deus
1039 3593 1175 3670 optimus
1191 3595 1288 3653 maxi·

146 3710 215 3750 mus
236 3709 293 3768 per
314 3687 450 3751 accidens
470 3690 541 3752 fecit
563 3690 601 3752 ad
622 3695 863 3770 malsnsturas,
895 3715 957 3754 nou
994 3707 1095 3755 tauren
1115 3694 1171 3756 ad*
1185 3713 1285 3756 omnes

145 3806 305 3855 creaturas.
349 3794 508 3855 Praeterea
529 3816 568 3855 ex
590 3796 725 3858 confesso
747 3810 801 3858 tuo
822 3799 939 3858 coelum
968 3810 1013 3857 est
1034 3817 1123 3856 causa
1144 3796 1288 3858 naturalis

147 3910 176 3957 st
196 3894 352 3975 ordinets3
374 3910 482 3958 natura
503 3910 605 3960 autem
627 3897 666 3960 sd
690 3920 785 3960 unum
808 3897 1005 3960 determinata
1028 3913 1081 3959 est.
1124 3900 1289 3961 Cumveru

147 4002 265 4059 coelum
280 3998 447 4062 secundum
471 4002 674 4082 philosophos
694 4002 764 4084 (qui
781 4003 864 4064 illius
892 4021 994 4064 verum
1027 4023 1146 4063 catrssut
1169 4002 1291 4063 finalem

150 4116 215 4161 non
232 4108 396 4178 noverunt)
419 4125 485 4181 -per
506 4125 538 4165 se
558 4102 732 4165 ordinatum
765 4105 804 4164 sit
832 4101 870 4163 ad
892 4102 958 4164 fieri
989 4117 1018 4162 et
1042 4107 1198 4181 generari,
1229 4126 1291 4167 non

151 4202 209 4260 erit
231 4225 286 4280 per
304 4220 336 4266 se
357 4228 445 4268 causa
466 4209 697 4287 oppositorum,
718 4218 801 4287 puta.
813 4205 946 4280 destrui,
967 4209 1140 4287 corrumpi,
1158 4206 1215 4288 sed
1239 4228 1293 4286 par

151 4301 300 4380 accidens,-
320 4306 513 4388 inquantum
528 4310 671 4389 praeistis
681 4309 917 4390 perfectionibus
928 4310 1078 4371 coniuncti
1100 4323 1172 4372 srutt
1186 4309 1294 4371 buius·
