2806 4800
705 208 777 281 176

623 393 705 456 Cor.
731 393 856 475 primi.
915 416 952 471 :f

171 503 199 560 1.
242 498 354 560 Ac'rern
373 495 500 578 propria
522 496 669 578 qualitate
689 496 871 577 epidemiam
893 514 1136 576 pareregerror.
1181 544 1184 549 .
1233 526 1237 536 ·

168 605 199 662 2.
241 600 361 680 Negare
381 597 514 664 calidum
543 613 572 662 et
601 597 765 664 humidum
785 599 948 665 sufficienti
974 620 1083 663 causae
1109 618 1175 660 ease
1203 601 1317 664 morbo

269 703 396 782 gallico,
417 722 513 764 error.
579 722 583 727 ·
1118 718 1121 723 ’

167 808 198 868 3.
241 805 312 868 Non
334 804 486 865 naturalia
506 803 605 866 uteie
621 804 750 869 morbos
767 802 952 884 epidamiooe
973 824 1099 885 parere,
1116 825 1212 867 error.

167 918 199 972 4.
241 905 352 972 Dicere
371 911 517 972 occultam
546 908 780 991 proprietatem
795 905 963 971 seumdum
1000 905 1136 970 medicos
1161 906 1278 1023 coeli
1269 929 1317 969 ινι-

270 1011 447 1086 iluentiam,
468 1030 565 1080 error·
690 1049 695 1077 ε

170 1115 199 1174 5.
244 1109 427 1187 Qualitatcm
451 1111 530 1174 a‘e'ria
548 1111 732 1182 concinnare
751 1112 911 1188 morbos,
907 1131 1008 1174 error.

166 1222 197 1280 6.
239 1213 438 1291 Exiatentiam
474 1214 651 1294 quantitatis
684 1216 750 1276 siue
777 1212 950 1281 rubiono
941 1234 973 1274 sn
1004 1213 1187 1333 eucharistia
1216 1213 1317 1276 dicere

270 1313 397 1378 modum
418 1316 615 1391 sacramenti,
637 1335 752 1381 erran:
1059 1373 1063 1378 ⁴
1231 1330 1235 1338 “

168 1421 198 1482 7.
241 1415 407 1480 Procedere
436 1417 613 1497 qualitatem
644 1431 873 1483 concausantern
910 1421 1053 1482 morbum
1082 1421 1224 1500 gallicum
1253 1440 1315 1482 non

270 1521 370 1581 solum
390 1539 409 1578 a
430 1516 528 1580 calido
548 1532 578 1581 et
598 1519 745 1598 humido,
767 1541 864 1582 error.

169 1623 199 1683 8.
244 1618 410 1682 Procedere
420 1620 609 1683 influentiam
622 1623 698 1683 coeli
708 1643 747 1684 ex
758 1623 958 1704 qualitatibus
970 1622 1209 1697 elementalibus,
1221 1643 1314 1684 error.

83 1720 87 1728 ’
168 1729 199 1786 9.
243 1725 427 1803 Exemplum
440 1721 486 1784 tle
507 1721 669 1789 causonide
690 1725 868 1804 apropriare
888 1726 999 1788 morbo
1019 1725 1146 1804 gallico,
1167 1744 1263 1786 error.

169 1829 227 1888 10..
241 1825 443 1906 Antipathian
464 1826 487 1887 i.
507 1847 534 1888 e.
555 1826 704 1889 actionem
725 1829 873 1893 occultam
896 1847 986 1908 agere
1006 1825 1210 1890 mediantibus
1240 1849 1315 1908 qua·

269 1927 425 2004 hiatibus,
446 1947 561 1991 error..

604 2113 688 2175 Cor.
710 2112 880 2178 secundi.

172 2242 201 2299 1.
243 2237 341 2301 Falsis
360 2234 470 2313 glossis
488 2254 536 2295 rea
559 2246 720 2317 tractare,
727 2256 822 2298 error.

169 2343 200 2400 2.
243 2339 353 2399 Dicere
374 2337 500 2398 morbos
516 2337 557 2397 lll
577 2350 656 2416 part.
678 2339 845 2446 aphorism.
861 2314 1066 2418 epidemiales‚
1087 2357 1150 2400 non
1170 2340 1315 2418 pestilen-

276 2440 379 2516 tiales‚
401 2458 497 2499 error.
590 2466 596 2474 ·

168 2544 199 2603 3.
242 2540 365 2601 Alicubi
385 2538 643 2622 comprehendere
664 2563 759 2628 genua
781 2556 811 2606 ct
832 2565 894 2606 non
915 2543 1063 2626 speciem,
1091 2563 1186 2604 error.

167 2651 199 2713 4.
242 2644 371 2705 Morbos
397 2643 487 2704 tertia
507 2630 613 2724 partic.
635 2646 743 2726 aphor.
763 2645 852 2729 aequi
882 2646 1082 2708 mutatIouem
1104 2647 1183 2706 airis
1206 2646 1239 2704 in
1260 2666 1314 2704 na-

197 2782 201 2801 2
257 2758 360 2821 tura,
381 2766 477 2808 error.
531 2806 533 2811 ,
842 2766 874 2828 j
1234 2762 1237 2767 ’

170 2851 200 2910 5.
243 2849 360 2908 Pestem
380 2847 480 2909 brutis
499 2867 560 2928 non
578 2849 609 2909 in
631 2871 755 2928 genere,
778 2872 871 2913 error.

169 2955 199 3011 6.
244 2949 476 3019 Distinctioncm
503 2951 585 3016 inter
612 2965 735 3033 postem.
756 2965 789 3017 et.
813 2951 995 3035 epidemiam
1024 2956 1176 3035 applicare
1206 2957 1313 3018 nmrbo

276 3053 403 3132 gallico,
426 3073 520 3121 error.
570 3099 573 3105 ,
615 3127 617 3133 .

170 3158 200 3218 7.
243 3155 327 3218 lufici
348 3169 378 3220 ct
398 3155 520 3219 inficere
538 3164 639 3219 ae'rem
660 3157 725 3220 sine
745 3159 844 3222 aliena
866 3159 1009 3237 materia,
1031 3181 1125 3224 error.

470 3393 613 3517 Errnres
637 3396 867 3521 conclusionis
892 3399 1019 3472 tertiae

173 3562 202 3619 1.
243 3555 430 3627 Sententiam
445 3510 666 3640 theologorum
673 3514 714 3626 tic
735 3526 819 3646 peste
833 3567 958 3632 modicis
973 3570 1103 3631 alienam
1125 3590 1198 3641 esse,
1220 3592 1316 3633 er.ror

171 3663 201 3725 2.
231 3661 412 3742 Aspernari
430 3660 574 3742 ‚dogoma
589 3667 819 3745 astrologorum
837 3671 1036 3748 transfugam
1045 3680 1126 3745 esse,
1147 3689 1242 3729 error.

171 3771 200 3832 3.
244 3767 441 3845 Astrologum
469 3788 591 3831 noscere
613 3772 855 3841 constellationes
862 3803 875 3847 ‚2
896 3773 1019 3853 ¹‹pribus
1040 3781 1316 3849 contemporaneus

194 3906 220 3929 ·.
257 3870 316 3932 sit
337 3871 465 3935 morbus
483 3871 627 3950 gallicus,
646 3893 746 3937 error.
781 3909 785 3941 ε
820 3916 849 3933 ·.
903 3880 908 3887 '

171 3978 201 4032 4.
244 3974 316 4035 Esse
336 3975 535 4036 neceesarium
563 3975 694 4056 modico,
725 3977 817 4042 scire
829 3995 933 4043 causas
966 3975 1144 4037 morborum
1174 3976 1254 4037 inter
1273 3979 1314 4039 si·

279 4071 483 4151 dera,error.
694 4120 770 4145 .-·.·.
923 4135 927 4142 .

173 4177 203 4236 5.
244 4174 388 4252 ignorare
407 4181 603 4260 astrologiam
624 4194 668 4245 at.
675 4179 868 4258 defendere,
877 4202 972 4246 error.
1060 4234 1065 4241 .

173 4280 203 4338 6.
248 4275 295 4337 Ab
316 4277 471 4343 erroribus
491 4284 684 4364 resipiscere,
708 4305 842 4350 errorem
864 4305 968 4364 esee,
966 4304 1061 4348 error.
