2806 4800
247 185 291 247 ”’
563 261 569 268 ·
655 246 731 321 res

123 436 316 518 spidemicos,
336 447 430 515 prout
450 434 498 495 illi
520 434 593 495 salse
614 433 763 514 imponis,
779 430 967 494 adiiciendo:
989 432 1161 514 quinimmo
1188 430 1271 493 veri·

122 541 222 602 simile
242 559 306 600 non
328 549 389 612 est,
420 537 602 598 Armenium
628 537 662 596 in
683 544 753 598 tem.
776 535 942 596 manifestis
963 545 993 594 et
1012 533 1206 595 infantilibus
1224 535 1270 594 la·

122 661 225 721 psutn,
249 652 284 701 ut
306 660 346 700 ex
367 645 437 699 ne're
457 640 580 700 morbos
592 650 622 700 et
642 637 838 702 advenientes
859 636 965 720 (prout
975 633 1189 717 somniaveris)
1206 637 1269 715 epi·

124 741 243 805 demiae
264 737 567 815 verbosentundats
592 741 649 822 qui
679 742 844 803 snimsslroc
871 751 961 819 mput
990 737 1141 799 adfinem
1173 729 1271 819 usque

123 843 307 925 perlegerit,
324 840 459 905 offendet
481 841 553 904 idco
573 845 612 902 ab
632 844 792 905 Avrosuus
814 841 945 905 variolas
978 853 1007 902 el
1036 841 1196 903 morbillos
1216 838 1270 901 ad·

128 946 283 1007 venientes
299 942 377 1019 dici,
396 945 546 1026 quoniam
566 966 636 1007 casu
659 946 753 1008 febris
774 963 997 1026 nonnunquam
1018 941 1167 1005 accidunt.
1210 940 1271 1005 Sed

103 1049 182 1109 ista
206 1061 259 1110 tua
279 1045 407 1125 publica
423 1043 579 1108 mendacia
600 1047 746 1128 persequi
773 1046 1039 1126 operaepretium
1060 1045 1187 1107 fortasse
1209 1063 1271 1107 non

127 1161 187 1228 est,
206 1147 245 1210 ed
266 1149 394 1230 relique.
406 1166 579 1227 pergamus.

210 1256 256 1314 Dc
272 1253 413 1332 pestilera
423 1250 509 1329 febre
529 1262 584 1310 etc.
605 1282 648 1297 ·-·
672 1287 675 1293 ·
699 1248 779 1310 Cum
808 1261 879 1310 tuae
910 1248 1111 1327 ignorationis
1139 1235 1216 1309 vitio
1242 1260 1272 1310 ct

126 1374 270 1434 prorsus,
291 1373 355 1434 qua
374 1351 493 1426 nescio,
523 1350 591 1412 ficta
622 1350 823 1414 similitudine
851 1349 995 1431 deceptus
1027 1372 1127 1431 nuper
1155 1353 1271 1412 febrem

126 1457 315 1538 pestilentem
337 1475 355 1514 a
377 1473 440 1514 noo
464 1453 618 1533 pestilera,
634 1473 695 1515 nec
716 1453 840 1515 colicam
863 1451 1086 1532 epidemialem,
1107 1455 1274 1532 bubonem,

125 1561 239 1622 botbor
267 1568 297 1618 et
324 1554 357 1617 id
387 1577 484 1636 genus
516 1577 579 1618 non
607 1558 723 1619 habere
752 1554 927 1618 distinctum
957 1557 1135 1636 capitulum·
1153 1556 1274 1636 scriptis

125 1677 240 1725 temere
259 1663 492 1740 insinuaverat,
527 1663 660 1725 veritate
681 1654 779 1722 victus
807 1682 842 1722 ac
871 1659 981 1722 ductus
1002 1660 1189 1740 poenitentia
1216 1680 1274 1739 per

124 1765 314 1845 palinodiam
336 1779 371 1828 ut
392 1763 533 1845 deinceps
560 1766 709 1846 pleraque
729 1774 882 1824 recantas:
914 1759 999 1844 quod
1020 1775 1189 1825 extremam
1209 1779 1275 1823 esse

125 1866 273 1928 inscitiam
295 1870 345 1931 vel
366 1867 445 1944 duo,
471 1871 521 1930 vel
542 1887 633 1928 nemo
655 1868 787 1944 ignorat.

210 1972 330 2050 Insuper
350 1973 467 2030 colicam
489 1979 542 2028 etc.
568 2000 612 2014 -
655 1965 807 2040 Culicem,
828 1965 902 2046 quia
923 1986 994 2027 casu
1015 1966 1110 2028 febris
1130 1967 1274 2046 pestilen-

126 2071 165 2133 tis
186 2083 216 2135 et
238 2092 300 2153 qua
320 2071 371 2133 via
392 2071 463 2132 crisi
484 2069 717 2149 permutationis
748 2067 842 2129 simili
863 2079 956 2148 atque
986 2069 1172 2129 habentibus
1198 2080 1275 2128 teta·

126 2194 201 2234 num
218 2170 345 2249 accidit,
362 2173 553 2252 pestilentem
576 2167 654 2246 dici,
676 2181 706 2231 et
727 2169 906 2232 Avrceutvsr
927 2169 1022 2231 verba
1043 2179 1072 2228 et
1091 2167 1171 2229 ratio
1191 2170 1275 2250 phy·

126 2274 186 2335 sica
207 2272 323 2336 suadet.
367 2275 441 2337 Tibi
462 2287 580 2350 tamen,
606 2284 641 2333 ut
661 2274 744 2334 hunc
764 2274 946 2334 Avrceuvnu
967 2292 1090 2351 passum
1119 2273 1210 2335 altius
1231 2273 1276 2332 ri·

127 2379 236 2453 meris,
256 2376 408 2440 scribendi
430 2381 515 2440 locus
539 2377 662 2439 relictus
683 2377 731 2438 sit.
783 2377 850 2438 Hoc
877 2373 977 2450 dicas,
1007 2375 1035 2435 si
1066 2375 1115 2456 (ut
1145 2372 1277 2457 inquis),

126 2501 220 2562 quam
240 2477 446 2555 adduximus,
466 2476 637 2541 similitudo
658 2476 697 2539 ad
722 2476 753 2539 id
776 2477 971 2558 probandum
987 2475 1152 2553 claudicat,
1180 2499 1275 2560 quae·

126 2601 196 2645 nam
218 2581 297 2643 ratio
318 2579 502 2644 diversitatis
523 2581 581 2657 sit,
613 2578 699 2663 quod
720 2583 813 2642 colice
846 2601 940 2663 quam
960 2578 1101 2661 hydrops
1131 2592 1159 2641 et
1181 2601 1274 2661 quar·
1358 2648 1365 2657 x

126 2695 196 2744 tana
216 2705 284 2745 casu
304 2685 397 2763 pestis
418 2683 716 2763 provenienspotius
737 2683 848 2746 dicitur
861 2683 1079 2763 pestilentialis,
1100 2702 1167 2742 cum
1185 2702 1275 2761 prae·

126 2786 231 2852 sertim
252 2799 282 2847 et
303 2787 397 2847 colica
417 2786 485 2864 ipsa
505 2785 637 2868 (etiarnsi
658 2787 751 2865 gratis
772 2787 831 2847 tibi
853 2806 1045 2862 concessero,
1068 2796 1218 2867 quantum
1239 2785 1273 2844 in

128 2887 320 2966 semetipsam
342 2889 458 2966 agitur,
485 2888 675 2967 pestilentem
713 2885 784 2969 dici)
806 2887 960 2949 interdum
981 2889 1107 2962 saltem,
1134 2888 1211 2949 sicut
1242 2900 1275 2948 et

128 2985 268 3069 hydrops
288 3001 317 3050 et
327 3004 486 3072 quartana,
507 2991 634 3051 morbus
656 3001 700 3052 est
722 2987 913 3051 diversitatis.
957 2987 1179 3068 Magnadubio
1199 3007 1273 3067 pro·

127 3092 177 3151 cul
198 3089 354 3153 hebetudo
374 3105 419 3154 est
441 3090 480 3152 de
500 3105 587 3154 acuta
608 3092 689 3157 febri
711 3093 788 3152 mihi
811 3093 969 3171 replicari,
989 3112 1068 3171 quae
1087 3111 1150 3150 non
1171 3092 1271 3151 solum

126 3195 395 3258 multitudinisseu
413 3197 631 3274 universitatis,
652 3194 706 3258 sed
727 3208 756 3258 et
768 3196 935 3257 acutissimi
956 3195 1058 3256 morbi
1079 3212 1175 3271 genus
1185 3204 1272 3253 extra

127 3315 256 3357 omnem
272 3301 510 3374 controversiam
530 3301 590 3361 eibi
612 3297 756 3363 vindicat.
805 3295 924 3372 Quodsi
952 3297 1046 3358 febris
1068 3297 1200 3357 tertiana
1224 3296 1272 3355 iu·

126 3399 275 3476 terpoleta
295 3400 483 3477 'saepiuscule
504 3404 535 3463 iu
553 3403 720 3485 consequio
742 3415 785 3464 est
805 3422 877 3462 suae
892 3402 1129 3482 proportionalis
1148 3403 1180 3461 in
1195 3413 1272 3462 tem·

126 3499 284 3579 peratione
304 3501 397 3576 sicca,
416 3506 595 3582 praesertim
618 3507 718 3587 prima
739 3520 868 3588 quarto,
900 3507 979 3566 nihil
999 3505 1100 3566 minus
1121 3516 1273 3587 quartana

126 3601 286 3682 parilormi
307 3606 518 3669 consecutione
539 3608 596 3670 erit
613 3607 651 3668 ad
671 3629 757 3670 suam
768 3609 1041 3689 proportionalem,
1060 3609 1194 3669 maxime
1210 3619 1271 3666 tam

125 3705 199 3766 anni
221 3705 435 3773 constitutione
456 3728 553 3789 quam
571 3710 685 3771 virtute
708 3712 784 3772 coeli
814 3731 879 3772 sese
904 3713 1121 3772 subscribente.
1170 3709 1272 3768 Habes

125 3809 261 3886 proiecto
282 3807 429 3873 adversus
450 3823 480 3873 te
504 3813 667 3889 hocloco,
697 3836 790 3896 quam
812 3835 914 3895 nuper
932 3817 1087 3896 professus
1107 3835 1137 3876 es
1148 3855 1157 3887 ,
1176 3821 1270 3873 totam

125 3908 278 3972 fatidicam
299 3914 509 3992 astrologiam:
545 3913 805 3998 quemadmodum
833 3938 944 3996 nempe
973 3917 1092 3978 tabifica
1120 3916 1168 3976 vis
1195 3911 1272 3972 coeli

126 4005 174 4088 (ut
196 4011 321 4074 illorum
341 4017 444 4077 verbis
464 4012 546 4099 utar)
567 4015 605 4077 de
626 4030 691 4077 atra
713 4016 770 4075 bili
789 4017 822 4076 in
845 4002 924 4078 vasis
945 4006 1118 4079 continuem
1141 4029 1170 4078 et
1190 4015 1277 4076 iuse·'

124 4113 295 4191 parabilem
315 4119 424 4178 excitat
454 4119 590 4196 febrem,
618 4121 660 4181 ita
684 4134 713 4183 et
736 4112 822 4180 extra
843 4131 942 4199 potest
968 4119 1270 4194 conficereinterpo·

124 4218 235 4308 letetu3
269 4237 338 4277 cum
360 4220 508 4300 quicquid
528 4235 626 4302 potest
648 4225 681 4282 in
702 4223 815 4297 maius,
847 4222 880 4281 iu
901 4218 1003 4282 nsiuus
1028 4241 1153 4302 quoque
1182 4238 1271 4298 posse

125 4320 251 4400 ambigit
274 4340 373 4402 uemp.
417 4323 498 4387 Deio
516 4326 595 4386 sicut
607 4345 648 4389 ex
662 4325 786 4402 genitali
807 4326 978 4400 horoscopo
991 4322 1148 4397 Servare,
1169 4319 1269 4401 nescio
