2806 4800
235 940 325 1013 Aluti
368 942 537 1044 gymnasii
581 944 777 1044 Liparensis
819 938 1091 1043 moderatoribus

348 1062 539 1135 Minurus
564 1065 831 1136 Merruusmnr
857 1092 882 1136 s.
901 1093 933 1163 p.
952 1064 984 1136 d.

92 1241 181 1398 Ego
202 1338 324 1381 omnem
349 1341 488 1382 meorum
516 1322 653 1382 laborem
675 1319 847 1383 studiorum
876 1343 910 1382 ac
938 1321 1059 1399 vigilias
1083 1341 1101 1380 a
1130 1320 1239 1399 primis

91 1417 273 1483 rudimentis
300 1419 340 1481 ad
368 1423 520 1485 honorem
556 1436 692 1485 vestrum
729 1436 823 1505 atque
863 1423 1051 1502 reipublicae
1084 1422 1237 1483 literariee

92 1541 283 1584 communem
314 1525 475 1586 utilitatem
497 1528 610 1603 magis,
642 1547 736 1608 quam
766 1524 805 1586 ad
839 1527 1052 1588 amoenitatem
1080 1527 1239 1606 propriam

91 1626 199 1698 retuli,
215 1625 385 1700 clarissimi,
415 1625 581 1688 doctissimi
601 1649 636 1689 ac
656 1627 788 1709 denique
810 1630 1023 1690 humanissimi
1045 1630 1121 1704 viri,
1150 1641 1240 1708 puta-

93 1726 188 1806 vique
209 1729 293 1788 nefas
330 1732 428 1790 multo
455 1731 643 1810 expiandum
674 1735 783 1809 thure,
816 1718 1047 1812 dieta'gravia,
1076 1733 1239 1793 sententias

94 1828 244 1887 clarorum
264 1841 422 1890 auctorum
443 1830 618 1908 splendidas
640 1833 842 1914 inventaque,
863 1836 951 1914 siqua
971 1835 1087 1908 forent,
1117 1835 1240 1912 publica

40 1966 43 1969 ᾗ
93 1952 156 1992 non
177 1929 341 1992 traditione
361 1933 601 2008 communicare,
622 1936 724 1996 uitatis
739 1937 887 2016 cuiusque
907 1956 1028 2013 semper
1048 1935 1241 1996 contumeliis

94 2048 125 2097 et
146 2034 228 2097 odio.
271 2035 461 2097 Testimonio
482 2057 547 2097 esse
567 2051 695 2116 possunt
722 2038 755 2097 in
778 2037 936 2118 gymnasio
964 2048 1065 2098 vestro
1088 2048 1240 2098 versantes

96 2151 125 2198 et
144 2139 178 2198 lri
200 2139 407 2216 potissimum,
428 2140 483 2220 qui
505 2141 562 2200 hac
581 2161 648 2200 mea
671 2138 810 2202 doctrina
831 2153 900 2220 post
921 2140 1095 2220 frequentes
1121 2139 1240 2198 scholas

94 2241 127 2298 in
154 2241 282 2302 eximios
302 2240 467 2322 aliquando
491 2242 572 2302 viros
596 2262 727 2303 evasere.
786 2241 845 2304 Sed
874 2241 1031 2316 nonnulli,
1052 2240 1152 2300 nescio
1175 2241 1240 2322 qui,

95 2339 150 2422 (ita
164 2343 245 2402 enim
261 2364 356 2422 genus
378 2344 540 2404 hominum
551 2356 594 2404 est
616 2355 645 2404 et
667 2341 857 2418 detestabile,
881 2357 923 2418 ut,
945 2341 1241 2425 quisquidnesciunt

94 2456 124 2505 et
144 2459 318 2526 nequeunt,
339 2448 371 2506 in
393 2446 460 2506 aliis
483 2443 723 2528 reprehendant)
748 2444 990 2507 laudatissimum
1025 2458 1055 2506 et
1075 2446 1241 2507 saluberri-

92 2568 178 2608 mum
200 2568 302 2608 meum
325 2549 486 2609 consilium
517 2561 546 2608 et
571 2561 702 2610 mentem
739 2549 902 2628 multiplici
928 2561 958 2610 et
989 2548 1100 2630 quovis
1130 2560 1240 2609 conatu

94 2648 257 2712 deturbare
279 2672 401 2730 cepere,
423 2648 557 2724 invidie,
585 2651 628 2710 sic
649 2649 797 2711 creditum
820 2663 881 2725 est,
908 2651 1044 2729 impulsi.
1088 2647 1147 2710 Sed
1169 2650 1242 2711 huic

93 2755 175 2831 pesti
195 2735 416 2832 queantidoto
437 2748 600 2836 medebor,
621 2751 704 2814 hunc
716 2751 862 2813 -furorem
886 2772 948 2832 qua
966 2751 1080 2813 virtute
1100 2753 1241 2830 repressi,

95 2874 159 2933 quo
179 2854 302 2930 ingenio
323 2853 479 2932 superavi,
502 2855 552 2913 vel
572 2868 754 2933 exurgentes
776 2874 894 2916 errores
916 2852 1100 2915 confundam
1112 2898 1120 2928 ,
1152 2855 1241 2916 bonis

94 2957 207 3037 liquet,
238 2953 337 3017 invidi
365 2954 569 3016 dissimulant.
624 2957 715 3017 Anno
743 2957 816 3017 hnic
836 2957 990 3036 ‚proximo
1022 2953 1070 3036 (ut
1097 2968 1242 3016 cunctas

95 3060 245 3140 principio
265 3058 414 3139 repetam)
437 3060 592 3136 egregium
614 3059 935 3132 NiconsrLsourcsur,
958 3057 1016 3118 viri
1036 3056 1070 3115 in
1092 3053 1242 3116 medicina

95 3176 156 3223 tam
180 3155 300 3242 experti
321 3176 349 3223 et
371 3162 571 3241 philosophia
593 3175 655 3221 tam
677 3161 902 3235 memorabilis,
932 3170 966 3219 ut
993 3158 1109 3219 nemini
1137 3155 1241 3220 cedere

96 3263 244 3338 videatur,
266 3283 343 3341 opus
359 3261 396 3322 de
407 3263 515 3322 morbo
527 3263 635 3340 gallico
646 3262 779 3340 graviter
799 3261 891 3322 simul
906 3261 1075 3320 luculenter
1085 3260 1241 3340 seriptum,

96 3366 184 3425 vobis
204 3365 351 3424 memoria
371 3364 562 3438 tenentibus,
593 3366 718 3444 publico
749 3361 904 3425 auditorio
937 3362 1095 3438 enarravi,
1126 3384 1189 3445 quo
1212 3377 1242 3427 et

94 3466 249 3526 communi
270 3467 360 3526 saluti
381 3467 568 3526 consulerem
591 3480 620 3528 et
642 3468 794 3528 humanae
816 3466 953 3528 societati
970 3466 1015 3548 (in
1030 3486 1122 3547 quam
1136 3486 1241 3528 omnes

89 3569 150 3630 uiti
171 3589 304 3650 aequum
326 3567 384 3648 est)
414 3566 534 3650 aliquid
563 3569 643 3630 lerre
671 3570 738 3648 opis
770 3583 800 3632 et
833 3580 950 3631 tantum
982 3569 1081 3631 virum
1112 3569 1241 3647 posteri·

91 3673 146 3734 tati
168 3669 379 3734 commendare
401 3669 532 3755 viderer.
576 3669 664 3746 Quae
685 3673 798 3754 scripta
815 3673 976 3735 utilissima
997 3669 1104 3733 invido
1125 3669 1241 3729 laniare

92 3773 182 3836 dente
204 3794 385 3856 aequoque
407 3774 498 3834 etiam
519 3775 688 3837 Nmossnu
709 3776 827 3854 ipsum,
860 3794 952 3857 quem
973 3793 1063 3852 saepe
1084 3771 1241 3831 nominavi

93 3888 123 3934 et
147 3875 306 3956 (quoniam
329 3880 388 3938 hoc
409 3879 537 3938 nourine,
564 3877 684 3940 dulcius
711 3877 869 3962 nihilpest)
901 3876 1037 3939 crebrius
1064 3873 1240 3949 nominabo,

92 3976 280 4052 ignorantiae
306 3981 441 4041 nominis
465 3982 566 4042 morbi
598 3983 698 4061 gallici
719 3983 916 4044 inclementer
938 3997 1075 4040 accusare
1095 3976 1241 4038 Sruousu

17 4073 24 4083 ”
92 4079 258 4155 Prsrours,
277 4083 476 4158 ignorationis
499 4085 679 4159 antistitem,
708 4085 788 4145 nihil
809 4081 954 4164 puditum
976 4091 1029 4142 est.
1080 4079 1162 4141 Tum
1185 4099 1241 4158 ego

16 4178 19 4186 '
92 4177 242 4261 quaedam
264 4184 764 4265 accuratissImorumscriptorum
785 4185 957 4248 testimonia
986 4183 1019 4243 in
1041 4182 1106 4244 eius
1135 4181 1260 4244 deleu-x

90 4284 207 4342 sionem
237 4278 314 4364 (qua
345 4303 407 4344 non
435 4285 566 4370 indiget)
594 4287 744 4350 adducere
765 4307 826 4349 non
849 4285 988 4348 dubitaui
1016 4295 1118 4352 ratus,=
1145 4302 1238 4365 quam

888 4397 954 4457 16*
