2806 4800
665 245 750 345 lor

124 443 205 507 sum,
228 443 357 511 utputa
378 430 477 493 dosim
499 427 575 492 dare
594 431 718 492 cuilibet
740 433 871 511 homini,
891 435 922 495 in
944 430 1008 518 quo
1026 434 1272 520 gradu-quoeris

124 531 273 596 medicina
287 535 400 616 cuique
422 533 564 615 optanda.
608 534 741 596 Calamo-
753 537 825 616 quis
837 536 1022 616 exprimeret
1032 539 1126 602 immo
1138 540 1211 600 haee
1223 540 1273 600 in·
1315 600 1319 603 .

124 635 431 716 comprehensibilia?
453 637 517 700 Nec
534 656 643 718 parum
661 639 813 700 theoricae
827 637 860 698 iu
876 659 1032 700 causarum
1044 640 1276 720 aegritudinum·

123 749 153 799 et
174 735 296 799 dierum
317 739 486 807 criticorum
508 752 540 800 et
560 740 692 801 aliorum
712 739 886 819 cognitione
900 741 1006 817 servit,
1027 753 1058 802 et
1078 741 1104 803 si
1123 741 1276 804 medicina

123 839 257 901 naturali
276 842 377 903 solum
397 842 621 904 subalternetur
646 862 719 904 vera
742 842 1015 919 subalternatione,
1047 855 1167 923 oportet
1182 845 1276 908 denis

124 959 184 1020 que
205 939 356 1004 medicum
386 945 552 1023 perlectum
583 945 643 1006 alia
668 946 779 1006 murita:
796 941 915 1006 discere
944 957 976 1008 et
1003 944 1165 1026 indagare,
1179 982 1181 987 ·
1195 939 1272 1011 sieu't
1340 1002 1342 1006 ,

124 1045 253 1105 vulnera
273 1042 406 1107 rotunda
418 1044 596 1108 diiiicilionis
616 1067 706 1107 ctrrac
726 1060 919 1125 ageomelra,
942 1061 972 1110 et
991 1049 1104 1112 conlert
1123 1050 1172 1112 lrls
1186 1051 1272 1112 simi·

123 1143 166 1204 liu
185 1157 223 1207 ot÷
238 1165 447 1226 nonfpaucas
471 1149 621 1211 Praetieae
643 1149 734 1210 etium
755 1150 923 1229 plurimum
945 1151 1076 1213 confert:
1106 1171 1178 1212 nam
1200 1153 1272 1235 quis

125 1233 306 1327 beneuret,
327 1251 488 1330 purgabit,
518 1272 626 1314 veustn
649 1250 778 1329 incidet,
805 1253 833 1314 ei
863 1253 1054 1332 ignoraverit
1073 1266 1211 1334 aspectus
1241 1267 1271 1317 et

123 1349 311 1430 iniluentim,
343 1353 373 1414 si
401 1354 506 1414 saltem
528 1351 694 1419 fidelissit
724 1353 877 1416 medicus:
911 1374 982 1417 uam
1012 1355 1047 1414 in
1066 1356 1195 1433 geminis
1216 1352 1272 1418 ile·

124 1442 368 1515 botomntumin
394 1455 528 1521 omeliis
542 1458 730 1518 »mutilatum
760 1459 862 1538 palam
893 1468 1017 1520 constat.
1068 1458 1185 1519 Verum
1206 1457 1271 1519 cut-

126 1555 248 1634 rurgie'i
263 1556 337 1618 llaec
355 1567 474 1618 norum
494 1559 696 1636 apertissime
930 1564 934 1573 '
1085 1556 1088 1561 ⁴
1272 1574 1275 1579 “

142 1782 147 1787 ·
178 1787 181 1791 -
248 1798 251 1805 .
304 1750 310 1763 ‘
340 1743 607 1814 Correlariuut,
633 1746 765 1815 finale.
784 1790 790 1803 .
809 1745 907 1830 (iiiii,
926 1745 1059 1829 prou.)
1107 1790 1112 1814 2
1140 1783 1144 1788 =

133 1906 154 1915 ⁴,
208 1861 295 1929 Non}
301 1860 459 1924 advertisti
481 1865 648 1941 picticum
667 1863 843 1940 intendere,
863 1866 1056 1944 particularia
1073 1866 1176 1926 futtuo
1190 1865 1222 1924 in
1239 1875 1276 1925 se·

127 1965 167 2024 ab
186 1964 420 2025 intellectunou
443 1963 596 2041 cognosci,
615 1964 695 2022 nihil
715 1977 816 2026 temen
839 1986 879 2026 ex
899 1968 993 2044 signis
1003 1980 1033 2028 et
1048 1968 1144 2028 caereis
1163 1985 1271 2026 eorum

127 2068 186 2130 hoc
206 2065 274 2128 fieri
294 2067 460 2145 probibet:
489 2067 535 2126 Ita
554 2081 688 2146 nomque
708 2062 896 2126 medicorum
915 2067 1182 2146 summus-primo,
1198 2049 1271 2144 pro·

128 2169 315 2230 nosticorum
329 2165 469 2228 dicebat:
490 2164 632 2226 medicus
653 2166 768 2244 regulis
788 2163 1080 2245 prudentumadeo»
1093 2187 1125 2228 se
1143 2166 1277 2242 muniat,

129 2283 163 2332 ut
172 2270 205 2330 in
218 2271 346 2350 singulis
354 2267 581 2333 valetudinibus
599 2268 780 2348 praesentia,
802 2269 964 2348 praeterite
976 2282 1005 2331 et
1014 2270 1119 2330 futura
1131 2281 1272 2347 agnoscat

85 2415 86 2419 ,
129 2383 160 2433 et
177 2394 268 2452 aegro
288 2363 414 2448 revelet,
431 2392 513 2452 qtrae
534 2369 623 2430 dese
639 2369 706 2448 ipso
721 2370 848 2430 minime
864 2382 1104 2450 praesumserat:
1125 2368 1271 2430 iric-enim

126 2473 196 2536 finis
216 2473 378 2552 lutrdabilis
405 2473 620 2547 existit,·cum
643 2483 726 2532 actor
752 2472 856 2532 littura
887 2473 1071 2551 insiugulis
1099 2469 1270 2551 perpendit.

126 2577 176 2637 An
196 2576 372 2639 Hieromus.
384 2576 473 2636 nobis
487 2571 660 2649 dissentiat,
673 2570 938 2636 animadvertisses
950 2574 1071 2637 merito.
1114 2571 1276 2648 Quantum

126 2680 224 2741 virtus
246 2689 403 2751 constans,
423 2684 522 2738 meus
549 2696 644 2751 sana,
662 2673 854 2736 desiderium
875 2675 937 2736 cibi
960 2675 1157 2749 couveniens,
1186 2675 1274 2752 signo

126 2781 304 2862 digestionis
325 2791 356 2840 et
376 2779 488 2839 borum
511 2777 623 2838 similia
653 2789 780 2856 possunt
802 2775 840 2837 de
862 2773 1143 2839 tuturismedicum
1163 2773 1272 2841 certifi-

127 2904 211 2957 care,
233 2882 422 2944 scholaribus
442 2882 601 2958 vulgatum
623 2891 676 2941 est.
713 2881 878 2961 ,Praeterea
901 2879 1007 2959 capitis
1027 2878 1157 2958 vertigo,
1175 2889 1273 2945 scoto·

128 2986 209 3062 mia,
231 2998 352 3061 tremor
376 2996 429 3045 eut
449 2997 558 3063 stupor
584 3002 733 3048 ntauuunr
763 2983 795 3042 in
816 3003 888 3044 sene
915 2985 1110 3064 appolexiam
1137 2982 1272 3042 [tucinam

126 3083 311 3168 praedicent.
353 3080 471 3149 Pariier
492 3099 520 3165 et
534 3088 690 3148 Gltmruus
711 3084 750 3147 de
758 3088 856 3149 allato
868 3097 997 3149 testatur
1010 3087 1145 3151 futuram
1159 3081 1271 3162 ptisitu.

128 3193 226 3255 Etiam
247 3193 408 3254 Arsurum
427 3191 516 3254 tertia
537 3188 631 3268 primi
655 3187 752 3251 docet.
764 3209 938 3251 succurrere
957 3185 1171 3258 accidentibus,
1193 3202 1272 3264 quoe

127 3297 247 3356 suturas
265 3289 470 3370 aegritudines
500 3289 752 3371 praenosticant.⁴
772 3360 775 3364 ⁴
795 3290 868 3351 Pari
891 3288 985 3351 modo
1011 3288 1102 3350 etiam
1134 3281 1272 3368 (intendo

126 3390 331 3471 astronomos)
349 3411 409 3470 per
430 3391 574 3470 eclipses,
594 3389 820 3451 coniunctiones
842 3409 984 3468 magnas,
1007 3401 1064 3470 per
1083 3388 1273 3469 triplicitates

127 3515 199 3558 suas
219 3505 249 3555 et
270 3505 527 3554 certasannorum
545 3492 750 3554 revolutiones
762 3503 874 3571 pestes,
893 3490 1118 3567 inundationes,
1138 3489 1275 3558 caristias

128 3612 158 3661 et
175 3616 270 3678 quam
290 3596 425 3675 pltrrima
446 3594 635 3675 praedicant:
657 3596 994 3661 uotissiutasuntliaee.
1013 3653 1015 3658 .
1036 3596 1118 3659 Nolo
1126 3592 1272 3676 denique,

127 3712 277 3782 quantum
288 3694 327 3758 ad
338 3695 463 3771 iudicis,
479 3696 512 3757 in
524 3698 667 3759 omnibus
676 3698 911 3778 particularibus
922 3699 1272 3773 astronomiem'semper

128 3804 285 3867 veritatem
308 3800 438 3875 habere,
459 3800 505 3860 uti
526 3801 556 3881 iu
579 3800 810 3876 electionibus,
831 3799 1062 3880 quaestionibus
1093 3808 1124 3858 et
1151 3793 1273 3865 iudiciis

127 3905 287 3965 hominurn
310 3904 560 3982 particularibus,
582 3924 637 3964 neo
657 3900 836 3967 intendo-in
852 3902 954 3973 Icausis
972 3899 1200 3969 universalibus
1221 3917 1272 3959 or·

73 4030 76 4040 ·
127 4007 237 4077 dinatio
269 4018 324 4067 aut
354 4006 591 4085 particularibus
610 4005 843 4067 accidentaliter
870 4003 1078 4067 subordinatis
1105 4001 1273 4068 necessario

127 4129 247 4186 semper
259 4121 288 4168 et
300 4109 354 4169 sati
364 4108 612 4186 ratioueoingnla
622 4108 735 4170 venire.
754 4108 859 4167 immo
869 4103 1155 4183 philosophus-liaeo
1165 4116 1272 4184 negat,

128 4207 180 4271 aed
202 4229 296 4289 quam
317 4211 409 4287 plura
428 4209 594 4270 necessaria
615 4222 644 4271 et
662 4229 800 4287 semper,
820 4206 952 4286 ,reliquo
967 4225 1041 4289 tero
1069 4206 1271 4286 utplurimum
1360 4278 1363 4284 .

120 4323 158 4374 ‘et
176 4306 342 4390 aliquando
361 4310 460 4370 solum
479 4309 669 4387 contingent,
691 4310 891 4388 inquantum
916 4327 956 4368 ex
976 4309 1072 4371 causis
1092 4304 1270 4390 procedunt,
