2806 4800
707 236 783 309 228

170 421 264 502 pestis
283 436 376 503 quam
397 421 435 483 sit
455 420 639 502 aequivoca,
668 421 741 482 satis
762 431 862 501 patet3
895 420 990 484 immo
1016 422 1048 481 in
1074 432 1191 483 tantum
1215 421 1316 499 distat,

171 524 385 609 nrbrutorum
407 535 506 603 pestes
527 524 559 582 in
588 523 662 584 alias
684 542 745 584 uon
766 535 919 584 transeant
942 526 1072 604 species:
1105 527 1211 587 ovium
1239 538 1316 605 puta

170 624 209 687 ad
231 625 534 703 vaccaa,se11bores
556 635 587 684 et
607 636 715 686 cetera.
758 627 839 687 Haec
861 647 879 686 a
901 626 1042 687 Gscrero
1065 641 1094 688 et
1118 629 1315 688 Hrerocasrs

172 732 232 788 oo'n
248 724 414 803 didiceram
434 738 531 786 artem
553 738 687 787 nostram
699 746 760 788 uon
773 728 838 789 sine
852 728 963 789 iniuria
976 729 1170 790 contaminas.
1214 725 1315 802 Quam

170 848 226 906 ego
245 847 339 908 supra
359 824 554 886 diffiniverim
575 838 709 905 pestem,
735 828 825 890 velim
849 840 883 889 tu
906 849 966 891 non
988 850 1089 906 caece,
1113 827 1166 891 sed
1188 829 1314 890 rationis

169 931 284 992 intuitu
305 929 401 1008 magis
420 924 624 991 iudicavisset.
822 928 826 935 '

238 1165 434 1240 Consolatio
462 1165 687 1240 coullatorum
723 1166 767 1241 D.
796 1165 956 1238 Manum
982 1156 1269 1240 MELLERSTADT'

329 1289 417 1361 circa
445 1286 700 1361 conclusionem
728 1286 871 1359 tertiam.
923 1288 983 1382 (X,
1003 1287 1149 1385 pili-l.)
1276 1270 1279 1277 ¹

254 1442 367 1503 Parum
386 1453 448 1516 est,
470 1440 658 1521 apertissima
680 1443 847 1504 multorum
868 1441 1017 1503 sententia
1036 1441 1135 1503 victus
1157 1439 1314 1520 propriam

168 1543 337 1605 iatttitatsm
358 1543 538 1625 profitearis.
581 1541 698 1619 Quanti
718 1564 850 1625 namque
870 1544 1027 1620 aestimas,
1047 1564 1182 1605 errorem
1203 1562 1315 1622 cogno-

169 1666 252 1707 scere
279 1657 309 1707 et
330 1667 366 1707 eo
389 1646 485 1724 magis
504 1667 625 1728 semper
644 1646 776 1726 prolabi,
796 1645 866 1726 quis
882 1641 1024 1724 ignorat?
1067 1643 1136 1720 Ona
1150 1645 1315 1725 protervia,

96 1828 99 1832 ⁴
169 1747 243 1809 dum
265 1748 366 1809 subito
387 1747 603 1808 astronomiam
625 1761 654 1809 te
676 1746 812 1808 hausisse
834 1735 1031 1808 arbitrdbaris
1063 1759 1093 1808 et
1121 1748 1215 1808 huius
1241 1747 1322 1808 artist

170 1850 284 1931 peritos
313 1849 347 1908 in
373 1849 534 1929 publicum
564 1849 653 1910 etiam
685 1859 837 1910 certamen
866 1848 1020 1922 citaveris,
1050 1868 1142 1929 quam
1168 1834 1318 1909 iniuriose

170 1953 272 2015 valvas
293 1951 466 2026 maculastI,
484 1944 550 2031 ilua
571 1946 704 2031 deniqne
725 1947 924 2025 verecundia,
952 1962 988 2011 ut
1007 1950 1176 2028 reprobus,
1205 1951 1244 2009 ab
1265 1971 1316 2012 ar·

170 2053 257 2114 bitris
278 2052 439 2127 remissus,
468 2052 608 2113 omnium
633 2049 768 2132 deniqne
797 2068 878 2111 nrttrc
898 2048 1062 2112 immemor
1090 2064 1120 2112 et
1149 2052 1316 2114 rectissime

170 2165 224 2214 tuo
243 2174 296 2215 ore
317 2155 488 2232 transfuga,
515 2165 547 2214 et
574 2151 698 2215 taudem
720 2154 859 2214 omnium
890 2150 985 2215 extri?
1017 2154 1155 2214 Primum
1181 2174 1317 2237 namque

169 2254 402 2331 iurisperitiam,
423 2252 533 2314 deinde
552 2250 788 2328 astronomiam,
818 2267 888 2332 post
907 2252 1055 2315 medicam
1083 2255 1126 2317 ita
1145 2257 1248 2318 subito
1268 2255 1317 2317 di·

170 2351 278 2430 dicisti,
299 2369 335 2416 ut
356 2357 458 2418 verius
479 2368 509 2416 te
529 2357 683 2434 aspexisse
695 2358 788 2436 quam
811 2353 951 2416 didicisse
972 2356 1139 2436 quisquam
1158 2369 1243 2418 ratus
1258 2360 1318 2427 eit:

170 2476 251 2517 nnnc
267 2468 297 2516 et
311 2458 460 2518 oratoriae
472 2457 621 2537 tantisper
640 2456 789 2520 insudans
810 2456 850 2518 ad
865 2459 1108 2520 nomenclaturae
1119 2469 1148 2518 et
1162 2476 1318 2536 mamma·

170 2558 247 2620 licen
269 2554 391 2619 tandem
412 2552 513 2619 redia³
560 2555 648 2634 Quae
672 2571 703 2619 et
739 2571 845 2619 cuncta
866 2559 1038 2639 si-praeter
1066 2560 1198 2619 aliorum
1219 2560 1318 2620 mole*
1360 2626 1363 2631 ,

169 2662 257 2724 etiam
277 2659 323 2741 (in
343 2671 426 2721 tuam
449 2678 514 2721 rem
539 2658 628 2744 puta)
652 2679 772 2739 ageres,
805 2656 917 2720 ferrem
946 2673 975 2721 et
1000 2680 1057 2738 ego
1077 2657 1316 2738 modestissime-3

170 2764 356 2842 parientem
379 2783 487 2842 passu,
511 2782 576 2844 quo
594 2781 657 2823 non
678 2756 791 2840 paucos
811 2773 882 2822 ante
903 2781 953 2822 me
977 2762 1203 2844 inquietavisti,
1234 2760 1336 2822 uttnc'

171 2876 201 2926 et
219 2867 251 2925 in
272 2862 389 2926 medica
410 2863 584 2926 oberrando
605 2861 721 2946 (rabidi
733 2880 818 2924 more
831 2860 928 2946 canis)
946 2883 1045 2924 meam
1065 2865 1182 2925 laniare
1202 2863 1315 2924 lanium

169 2986 319 3048 nusquam
340 2989 443 3041 cessas.
487 2969 521 3030 Si
542 2987 622 3050 quae
644 2979 747 3028 contra
767 2979 867 3029 errata
882 2979 944 3030 jtua
963 2964 1113 3043 dixerim,
1144 2966 1244 3026 alieno
1265 2986 1316 3026 me

71 3137 74 3143 ,
170 3069 294 3134 ductum
327 3071 437 3152 spiritu
468 3070 622 3150 confingis.
675 3058 834 3145 Putasne,
862 3082 948 3132 tanto
982 3088 1059 3131 aero
1095 3066 1319 3130 studiosissime-

170 3173 224 3234 uni
244 3174 355 3234 artium
383 3193 445 3234 non
464 3172 530 3234 sine
550 3173 656 3234 labore
677 3170 902 3248 insudaverim,
933 3172 992 3232 tibi
1008 3159 1142 3232 'cunctas
1160 3183 1316 3231 transcur-

168 3275 247 3334 renti
267 3275 421 3336 facultates
451 3277 630 3357 nullamque
661 3297 700 3337 ex
721 3275 842 3353 integro
857 3273 1069 3353 amplectenti,
1097 3283 1133 3332 ut
1152 3273 1256 3352 potiris
1276 3271 1317 3330 li·

168 3375 255 3434 basse
271 3394 372 3455 ¹quam
392 3375 525 3454 attigisse
545 3364 694 3451 ridearis,
723 3364 760 3435 in'
776 3372 904 3437 ,medica
935 3373 1061 3454 aequari
1089 3382 1121 3433 et
1139 3358 1264 3452 ¹possim
1286 3386 1317 3434 et

170 3458 295 3536 debeam
298 3497 312 3559 3
343 3474 466 3552 ignoras
495 3474 602 3551 etiam,
634 3496 778 3558 quaeque
798 3478 925 3538 facultas·
945 3477 1047 3538 virum
1079 3475 1234 3553 integrum
1255 3474 1316 3534 sibi

169 3572 266 3641 velii?
288 3564 340 3638 Tu
362 3574 534 3652 dicacitate,
554 3592 649 3659 quam
670 3578 824 3656 praeiere,
845 3598 901 3639 nec
921 3597 1015 3657 opera
1036 3587 1107 3651 tua,
1126 3574 1181 3638 sed
1201 3586 1314 3636 natura

170 3677 282 3756 magis,
320 3694 461 3758 quosque
496 3678 657 3738 molestare
687 3666 781 3738 audes
813 3676 982 3760 eademque
1014 3674 1187 3739 conditione
1213 3669 1310 3755 (quod

168 3764 362 3858 summopere
382 3775 529 3862 detestor)
546 3790 582 3840 ut
601 3778 794 3840 omnifariam
816 3779 951 3855 conflatis
975 3788 1060 3841 'nunc
1087 3780 1311 3854 theologorum,

169 3900 251 3940 nunc
272 3868 429 3940 oratorum
450 3869 621 3957 sententiis,
646 3880 781 3943 'inversis
802 3880 903 3942 verbis
931 3891 963 3939 ct
984 3882 1173 3944 sermonibus
1198 3876 1314 3936 lamam

169 3978 227 4038 tibi
237 3983 466 4059 amplissimam·
476 3979 634 4040 accessisse
653 3980 806 4059 opinaris,
827 4000 882 4042 nec
896 3982 952 4041 hac
967 3981 1128 4042 insolentia
1145 3989 1316 4053 contentus,

171 4068 344 4142 iu'cuuctos
361 4081 494 4164 denique
517 4078 676 4158 obiurgari
713 4095 742 4142 et
772 4076 935 4143 conviciari
962 4101 1083 4160 semper
1107 4082 1201 4144 velis:
1236 4094 1316 4160 quo·

171 4197 241 4239 rum
260 4180 338 4241 ratio
358 4170 436 4242 milri
455 4202 536 4241 nunc
556 4178 697 4241 habenda
719 4195 762 4244 est
790 4183 925 4245 minime.
985 4180 1117 4244 Theosis
1144 4180 1315 4244 sublimitas

172 4282 287 4359 quanta
307 4279 346 4341 sit
362 4280 396 4339 in
416 4278 576 4358 medicina,
597 4298 687 4342 nemo
699 4285 749 4345 vel
761 4282 893 4346 'insanus
901 4281 1123 4345 determinabit.
1164 4283 1315 4345 Asta-ono·
