2806 4800
657 241 731 320 315
799 270 807 277 “

123 436 267 500 sideratio
289 442 517 497 momentaneae
545 437 718 516 'vmttptatia
755 443 787 501 et
814 448 934 499 amarae
963 433 1269 518 poenitudinis'con·

124 542 252 604 iunctae.
298 536 508 600 Consideratio
537 538 744 617 miseriarum,
774 558 854 624 quae
882 550 952 602 sont
980 539 1013 600 in
1033 544 1163 614 venere,
1184 541 1272 602 si'ruti

125 641 259 703 bestialis
281 637 426 713 foeditas,
445 640 601 716 anxietas,
623 640 716 704 ardor
723 687 731 720 ,
754 643 908 724 spurcitia,
929 643 1038 717 loetor,
1062 639 1174 721 pudor,
1196 661 1270 720 poe·

125 745 271 820 nitentia,
300 743 442 819 infamia,
468 742 585 804 offensa
618 736 704 807 deis*
729 745 941 808 Consideratib
960 745 1180 825 'periculorum
1207 765 1273 805 cor·
1303 732 1343 765 “²
1398 740 1402 756 '

126 848 211 926 poris
229 860 258 908 et
275 845 394 905 animae
417 847 772 924 emergentitrm3²seluti
793 852 919 930 pallor,
935 861 1069 919 tremor,
1088 851 1171 925 lue‘s,
1197 870 1274 909 mm·
1342 894 1347 912 .

126 963 249 1027 tagora,
275 950 377 1028 lepra,
392 978 395 983 ¹
411 949 547 1026 vertigo,
580 951 706 1012 morbus
729 951 919 1027 comitialis,
944 948 1056 1012 crudus
1084 961 1121 1010 'et
1141 950 1275 1012 incoctus

127 1053 320 1132 stomachus,
339 1049 501 1132 podagra,
514 1053 804 1172 carnplisaff‘e'ctio,
823 1053 965 1116 caecitas:
985 1051 1142 1114 indevotio
1163 1064 1192 1114 et
1206 1052 1275 1113 'ari-

128 1154 208 1216 ditas
210 1156 354 1231 mentis,
380 1175 493 1216 nausea
513 1150 613 1216 omnis
634 1157 819 1236 sapientiae,
852 1153 1035 1217 amaritudo
1049 1155 1138 1216 verbi
1166 1153 1278 1229 divini,

130 1257 284 1320 fastidium
314 1259 428 1320 omnis
442 1258 610 1338 spiritualis
640 1260 791 1337 exercitii,
820 1257 954 1333 desidia,
975 1258 1144 1339 ignavia,'
1149 1258 1276 1320 rationis

129 1361 300 1437 enervatio,
322 1361 487 1422 memoriae
509 1359 725 1424 detrimentum
746 1375 802 1424 etc.

200 1462 408 1534 (Adolescentia.
426 1440 567 1534 Αιςιιιιιίιι.
588 1482 637 1536 per
653 1463 756 1533 Martia
774 1461 857 1518 llaeh
876 1463 955 1517 1500.
984 1464 1012 1515 t.
1039 1459 1224 1531 tatanus.)

512 1549 528 1586 a<

878 1549 895 1586 ’lt

695 1596 711 1632 *

216 1674 243 1730 l.
266 1671 389 1732 Timeas
401 1688 474 1748 ergo
488 1681 518 1730 et
530 1671 638 1749 procul
651 1669 749 1750 fugias
760 1668 941 1731 meretrices.
987 1668 1120 1745 Timsas,
1141 1662 1278 1751 inquam,
1298 1699 1345 1733 vor
1359 1681 1403 1733 15

132 1793 171 1832 ne
190 1775 293 1852 lepra,
314 1794 391 1834 neve
412 1772 519 1850 gallico
541 1774 650 1834 morbo
670 1772 894 1834 contaminaris.
946 1769 1074 1853 Oquot
1106 1770 1279 1834 adolescen-

132 1887 195 1951 tes,
225 1887 303 1956 quot
325 1875 385 1939 viri
403 1895 422 1934 a
453 1875 569 1953 spurcis
593 1876 805 1938 meretricibus
826 1878 885 1937 hoc
905 1873 1050 1938 Franciae
1071 1876 1185 1935 malum
1209 1894 1280 1936 con·

131 1974 306 2040 traxerunt!
328 1979 446 2038 Paucos
464 1973 571 2040 audias
592 1989 688 2040 culos
703 1991 739 2040 et
759 1978 947 2040 continentes
968 1980 1047 2038 hane
1067 1991 1190 2056 pestem
1204 1979 1278 2038 inci-

133 2077 230 2152 disse,
250 2079 311 2140 nisi
332 2078 412 2140 lorte
433 2090 464 2140 et
484 2078 544 2158 ipsi
564 2100 583 2139 a
602 2077 774 2142 libidinosis
797 2077 924 2162 (quibus
953 2081 1121 2143 conversati
1142 2077 1281 2162 fuerunt)

133 2204 190 2262 per
211 2181 420 2260 contagIonem
442 2195 581 2243 mutuam
606 2185 836 2246 contraxissent.
880 2184 990 2263 Aspice
1012 2205 1105 2266 quam
1120 2182 1187 2244 dira
1203 2185 1281 2260 lues,

135 2306 228 2368 quam
250 2283 373 2346 difficile
395 2283 597 2348 medicabilia:
632 2301 781 2368 quantum
803 2289 916 2355 multos
937 2289 970 2350 in
993 2290 1080 2351 vultu
1101 2307 1157 2348 suo
1179 2285 1281 2348 delor-

134 2391 238 2465 marit‚
262 2409 355 2472 quam
376 2390 526 2450 terribilia
547 2403 720 2472 syntomata
742 2404 771 2453 et
800 2391 947 2474 reliquias
973 2393 1006 2452 in
1028 2390 1181 2452 membris
1212 2404 1282 2471 post

135 2515 166 2556 se
186 2475 362 2576 relinquat.
406 2491 563 2554 Memento
584 2488 741 2556 nonnullis
772 2514 842 2555 eum
871 2495 1016 2556 morbum
1050 2494 1114 2556 sive
1144 2495 1283 2574 pustulas
1384 2476 1388 2483 Ι

134 2618 222 2658 nares
247 2617 372 2678 quoque
393 2615 462 2656 snas
486 2591 668 2672 eradicasse,
689 2597 733 2658 ita
757 2610 791 2658 nt
813 2588 1009 2665 cadaverosos
1031 2611 1060 2660 et
1081 2600 1207 2660 naribus
1228 2621 1281 2676 va·

135 2722 207 2763 euos
229 2703 333 2761 vultus
362 2699 423 2756 iarn
452 2708 574 2774 gerant:
602 2718 736 2778 quorum
769 2719 824 2778 ego
854 2701 973 2781 aliquot
1001 2698 1065 2762 vidi
1095 2713 1124 2762 et
1152 2710 1186 2763 tu
1215 2701 1282 2780 ipse
1315 2708 1318 2712 '

135 2799 286 2891 quosdam
309 2799 424 2877 optime
445 2797 534 2858 nosti
589 2797 656 2861 Hoc
687 2820 784 2861 uuum
815 2801 854 2861 ab
877 2800 934 2863 ieta
959 2800 1134 2882 turpissima
1162 2802 1281 2864 veneris

135 2898 260 2966 lascivia
280 2898 437 2961 retrahere
458 2910 488 2959 te
506 2910 619 2979 posset.

208 3003 263 3074 (De
280 2999 514 3074 integritateliber.
521 3001 675 3125 *Argentea
693 3023 741 3099 per
759 3001 1048 3059 altinshusen-tens.
1065 3007 1092 3058 4.
1118 3001 1183 3076 Cap.
1195 2981 1282 3093 lilii.)

706 3138 721 3172 *
887 3093 903 3130 ’lt

223 3219 248 3256 c.
283 3193 384 3279 Certo
406 3195 497 3268 scias,
528 3190 625 3275 quod
643 3214 682 3254 ex
697 3193 771 3254 ltoc
798 3207 867 3256 actu
896 3186 1036 3255 nascatur
1064 3194 1160 3273 caligo
1190 3194 1283 3298 visus,
1373 3243 1380 3258 .

137 3299 254 3381 pallor,
275 3310 408 3371 tremor,
428 3296 533 3375 capitis
555 3295 690 3372 vertigo,
723 3295 849 3357 morbus
870 3297 1012 3375 gallicus,
1042 3298 1167 3359 morbus
1189 3288 1285 3359 corni-

135 3399 217 3462 tialis
244 3397 354 3480 (immo
375 3409 458 3458 actus
480 3398 533 3458 ille
555 3418 611 3477 per
631 3418 663 3459 se
684 3419 701 3458 a
724 3397 829 3462 docile
840 3401 941 3461 minor
969 3388 1096 3463 morbus
1125 3400 1286 3465 comitialis

137 3499 294 3584 vocatur),
315 3503 419 3581 lepra,
440 3501 467 3562 si
487 3500 626 3581 leprosus
647 3503 789 3582 proxime
811 3499 985 3590 antecessit,
1007 3474 1045 3579 de
1067 3525 1131 3588 quo
1155 3505 1286 3566 certissi-

137 3628 218 3668 mam
241 3606 341 3666 habeo
362 3604 520 3682 notitiam,
549 3604 698 3686 podagra,
728 3604 877 3686 lethargia
907 3619 936 3669 et
967 3620 1063 3670 cetera
1092 3605 1284 3673 incommoda

137 3713 242 3773 mulla.
305 3706 418 3775 (ibidem
437 3705 503 3778 Cap.
522 3709 640 3776 xxiii).

523 3813 539 3851 'lt
887 3816 903 3852 ¹&
924 3816 927 3823 '

705 3861 720 3896 ’lt

138 4052 172 4092 ae
190 3937 374 4099 incarnabilis
392 4037 579 4122 quandoque
601 3957 716 4114 morbi,
738 4052 832 4120 qnent
854 4039 886 4098 in
908 4038 1071 4101 tenerrima
1093 4050 1123 4099 et
1145 4022 1284 4100 subtilis·

138 4136 214 4196 sima
236 4141 371 4215 corporis
390 4142 435 4200 tui
457 4156 581 4220 partea
612 4143 790 4220 chirurgicis
822 4165 890 4205 cum
921 4141 1071 4204 maximo
1085 4150 1139 4202 tuo
1166 4139 1285 4221 pudore

136 4237 375 4319 introspicienda
396 4256 449 4304 aut
468 4243 681 4307 connectenda
701 4244 835 4307 incidere
856 4266 960 4327 posses
972 4267 1011 4307 ex
1033 4242 1284 4306 immundissimis

137 4343 330 4406 lutosissimis
352 4359 569 4409 venenatorum
590 4360 758 4410 scortorum
780 4348 974 4428 inguinibus,
991 4366 993 4372 ’
1008 4345 1093 4431 qrtod
1113 4347 1284 4410 multisni-
