2806 4800
634 228 723 327 ¹260

118 417 231 481 nullam
255 417 352 493 legem
381 427 442 476 tam
472 413 625 474 exitialem
658 409 808 472 insciliam
837 407 980 487 punitum
1009 411 1067 473 ire.
1103 410 1266 475 'Studium

118 519 293 594 medicinae,
314 516 399 600 quod
421 518 495 578 laisa
516 514 555 576 de
575 528 606 576 te
627 509 793 594 praedicas,
814 512 945 573 exindo
966 512 1167 590 ignorationis
1178 515 1268 595 sitio,

118 641 180 703 quo
201 621 343 701 pluribus
365 639 469 691 noces,
491 631 543 678 tarn
565 637 619 678 ore
639 613 810 678 coninndis.
852 611 972 687 Quodsi
983 635 1045 676 non
1058 617 1158 694 legere
1173 634 1268 696 possa

116 737 169 786 aut
191 745 252 785 non
271 723 440 800 intelligere
463 718 593 780 medicos
616 731 645 779 et
657 737 798 799 quosque
819 716 967 777 infamare
984 716 1098 792 doctos,
1118 719 1267 797 prommo

117 827 190 888 ialsc
217 824 376 886 detrahere
395 825 570 905 quempiam
591 819 742 882 medicum
763 817 915 893 efficiunt,
945 840 1037 881 nemo
1059 833 1090 881 ts
1111 822 1145 880 in
1166 821 1266 883 medi·

118 929 185 988 cina
202 948 342 1008 unquam
363 927 458 988 evasit
488 924 613 986 doct'ior.
656 920 743 996 Quae
771 919 920 994 didicisti,
947 920 1103 984 dediscere
1123 936 1268 1002 oportet3

118 1027 199 1090 docti
219 1026 333 1089 erarditi
354 1027 471 1107 quique
492 1026 652 1086 uobiscum
680 1023 816 1085 sentiunt
842 1035 873 1085 et
896 1022 1059 1105 displicent
1086 1029 1137 1088 his
1156 1031 1268 1107 promul

119 1131 229 1207 dnbio,
258 1129 434 1213 quaemihi
455 1148 597 1190 nauseam
621 1127 746 1188 faciunt.
800 1125 834 1189 si
861 1146 941 1208 quos
972 1129 1051 1191 forta
1075 1132 1172 1192 habes
1204 1132 1268 1192 sibi

117 1233 243 1308 moles,
264 1252 399 1314 quornm
419 1230 598 1292 animositate
621 1242 651 1291 et
673 1227 766 1291 ductu
794 1227 993 1292 deliramenta
1022 1243 1076 1292 tua
1096 1234 1268 1312 componis,

117 1335 196 1395 nihil
216 1347 318 1395 tamen
341 1330 450 1407 solidi,
480 1332 559 1391 nihil
580 1331 647 1391 veri
667 1344 772 1392 contra
795 1351 851 1393 nos
876 1331 909 1392 in
932 1333 1090 1411 publicum
1120 1331 1195 1396 dare
1217 1335 1268 1397 vel

118 1433 231 1498 audent
255 1436 304 1496 vel
325 1445 469 1513 possunt,
489 1430 541 1493 sed
563 1431 662 1493 iurato
684 1435 785 1495 colore
807 1433 1005 1506 cainiana,
1035 1432 1178 1497 vitandae
1199 1458 1267 1499 ma·

118 1539 203 1599 culae
223 1556 311 1600 causa
334 1534 504 1615 suppressis
526 1533 719 1607 nominibus,
742 1547 840 1595 tecum
860 1555 916 1597 sua
939 1533 1076 1599 vendunt
1096 1535 1266 1600 mendacia.

118 1638 237 1714 Quodsi
258 1639 391 1718 experiri
414 1639 490 1698 libet
511 1637 544 1699 in
565 1656 676 1697 corona
698 1655 823 1713 eorsum,
855 1639 912 1719 qui
931 1639 1053 1714 literas,
1088 1641 1144 1721 qui
1165 1640 1266 1703 medi-

119 1744 215 1804 cinam
235 1740 434 1821 profitentur,
465 1737 671 1820 quodcunque
694 1740 776 1800 voles
806 1738 839 1799 in
870 1737 1019 1803 medicina
1046 1744 1188 1821 aenigma
1216 1745 1266 1805 iu.

119 1842 200 1906 dicto
221 1843 358 1923 praemio
380 1842 476 1921 agita:
496 1841 624 1903 habebis
645 1840 733 1903 crede
754 1857 978 1922 opponentem..
1013 1846 1116 1909 Hebes
1129 1847 1266 1926 singulas

118 1949 193 2011 riter
212 1949 246 2008 in
266 1967 333 2008 mea
356 1945 502 2007 sententia
520 1945 735 2019 Lsonrcrmm,
755 1945 841 2006 cuius
862 1943 999 2009 doctrina
1020 1949 1147 2010 allectus
1164 1962 1265 2013 tecum

119 2052 269 2131 assumpsi
298 2052 357 2111 hoc
387 2064 554 2127 certamem
582 2049 722 2111 similiter
745 2050 958 2125 Mrmaanms,
991 2051 1047 2130 qni
1070 2067 1265 2116 cunctante

117 2153 184 2214 ficta
205 2154 427 2233 pueriliterque
448 2154 559 2231 scripta
580 2151 619 2213 ad
647 2153 744 2212 imum
775 2152 916 2230 explosit.
982 2152 1118 2240 Expecto
1144 2155 1265 2220 indies

29 2240 33 2249 ¹
95 2257 249 2317 ‘aliorum
270 2253 513 2316 doctissimorum
533 2255 694 2314 hominum
715 2253 888 2327 sententias,
908 2273 985 2333 quas
1005 2251 1127 2315 tandem
1145 2257 1178 2317 in
1203 2280 1265 2321 me·

118 2357 204 2419 diurn
229 2355 356 2433 ducam3
378 2359 433 2416 has
454 2356 481 2417 si
502 2356 697 2434 capessiveris
717 2369 746 2416 et
768 2375 802 2416 os
821 2377 842 2417 a
861 2353 1047 2420 detractione
1072 2358 1263 2436 abstinueris,

118 2482 135 2519 a
156 2459 350 2538 castigatione
371 2461 502 2520 cessabos

173 2696 187 2711 „
255 2648 363 2713 Circa
385 2610 634 2721 correlarium
661 2650 835 2728 primum.
885 2649 958 2732 (xl,
982 2670 1013 2729 p.
1031 2648 1123 2731 226.)
1166 2702 1168 2707 ,

203 2773 237 2830 Si
254 2772 330 2830 male
342 2767 488 2848 fundatos
508 2783 574 2830 tuns
595 2775 732 2851 opiniones
754 2784 809 2832 etc.
833 2804 875 2819 —·
918 2770 1117 2832 Naturalibus
1138 2774 1263 2835 rationi·

119 2875 178 2932 bus
209 2868 464 2950 validissimisque
490 2872 695 2950 argumentis,
724 2892 787 2933 non
816 2872 908 2933 salsis-
927 2873 1152 2951 opinionibus,
1177 2888 1210 2937 ut
1232 2889 1264 2938 tu

119 2975 215 3049 soles,
248 2969 380 3052 disputo.
1059 3048 1061 3052 Α

143 3126 146 3131 .
204 3078 276 3138 Cum
303 3098 425 3158 namque
454 3075 608 3138 Gnsnms
645 3089 698 3139 etc.
723 3109 764 3124 —-·
808 3077 1000 3137 Laomcmms
1034 3079 1135 3139 morbi
1165 3081 1265 3156 gallici

118 3193 259 3244 naturam
291 3181 465 3242 summatim
501 3179 761 3260 comprehendens
794 3182 853 3242 hoc
885 3194 971 3260 pacto
1005 3178 1184 3260 descripsit:
1213 3196 1265 3245 est

119 3287 259 3362 pustulae
286 3307 326 3346 ex
345 3287 430 3347 uaria
461 3286 628 3347 humorum
659 3286 854 3369 corruptione
878 3295 1005 3363 propter
1028 3285 1154 3345 nimiam
1176 3288 1265 3360 airis,

119 3384 332 3447 insoliditate
365 3400 393 3447 et
425 3385 617 3449 humiditate,
637 3389 831 3466 praesertim,
861 3387 1074 3466 intemperiem
1095 3401 1265 3464 generatae.

120 3482 261 3564 Opponis
285 3500 405 3562 contra,
432 3502 496 3550 tum
526 3491 651 3572 quoda
680 3495 744 3553 sola
778 3491 958 3573 qualitativa
987 3492 1158 3555 mutatione
1178 3498 1264 3557 ,stiria

120 3610 182 3652 non
203 3605 343 3654 causatur
362 3594 470 3671 pestis,
496 3608 562 3656 tum
579 3593 679 3677 .quod
711 3599 787 3657 haec
814 3597 967 3658 revolutio
994 3597 1073 3673 coeli
1098 3610 1201 3659 causat
1232 3599 1262 3657 in

120 3695 288 3756 substantia
317 3696 396 3757 aeris
423 3696 483 3755 iam
516 3699 654 3777 corrupti
684 3696 888 3759 mediantibus
904 3754 906 3759 .
920 3698 1088 3778 vaporibus
1115 3700 1259 3763 occultam

118 3801 397 3880 proprietatem,·et
417 3800 507 3861 tertio
530 3799 615 3882 quod
637 3803 690 3861 illa
712 3803 778 3880 ipen
801 3802 973 3881 proprietas
995 3820 1063 3861 cum
1085 3799 1259 3863 alteratione

118 3902 346 3964 manifestarum
368 3903 552 3984 qualitatum
575 3916 682 3967 causat
697 3916 823 3982 pestem,-
844 3907 959 3967 malum
975 3904 1114 3964 francum
1130 3914 1168 3963 et
1188 3901 1264 3962 alios

118 4006 250 4071 morbos·
300 4004 359 4068 Sed
383 4004 541 4088 quomodo
571 4008 675 4068 inhia
700 4006 926 4071 oblectamentis
950 4005 1267 4082 iuste-reprehensus

118 4106 345 4181 teexcusabis,
364 4120 400 4168 tu
422 4106 545 4169 videris.
588 4109 689 4186 Supra
710 4127 843 4189 namque
864 4110 929 4188 ipse
954 4119 1079 4170 testatus
1109 4125 1141 4164 es
1161 4106 1267 4167 Gann-

117 4210 185 4266 isnss
207 4221 236 4270 et
254 4209 481 4286 lhrrncnsrms,
503 4207 590 4291 qssod
610 4224 706 4274 aestas
727 4232 812 4273 versa
831 4213 864 4273 in
887 4213 1013 4289 nimiam
1029 4221 1064 4273 et
1088 4227 1268 4276 excremen-

116 4309 215 4372 titiam
236 4309 449 4374 humiditatem
471 4326 607 4395 mutatur
631 4336 650 4376 a
672 4336 761 4377 curan
783 4315 981 4390 natussum
999 4333 1075 4392 mgb
1095 4311 1267 4377 octenario
