<?xml version="1.0" encoding="UTF-8"?>
<!DOCTYPE html PUBLIC "-//W3C//DTD XHTML 1.0 Transitional//EN"
    "http://www.w3.org/TR/xhtml1/DTD/xhtml1-transitional.dtd">
<html xmlns="http://www.w3.org/1999/xhtml" xml:lang="en" lang="en">
 <head>
  <title>
</title>
<meta http-equiv="Content-Type" content="text/html;charset=utf-8" />
  <meta name='ocr-system' content='tesseract 3.04.00' />
  <meta name='ocr-capabilities' content='ocr_page ocr_carea ocr_par ocr_line ocrx_word'/>
</head>
<body>
  <div class='ocr_page' id='page_1' title='image "./dieltestenschri00fuchgoog_0375.png"; bbox 0 0 2806 4800; ppageno 0'>
   <div class='ocr_carea' id='block_1_1' title="bbox 699 249 776 323">
    <p class='ocr_par' dir='ltr' id='par_1_1' title="bbox 699 249 776 323">
     <span class='ocr_line' id='line_1_1' title="bbox 699 249 776 323; baseline 0 0"><span class='ocrx_word' id='word_1_1' title='bbox 699 249 776 323; x_wconf 76' lang='lat'>340</span> 
     </span>
    </p>
   </div>
   <div class='ocr_carea' id='block_1_2' title="bbox 162 432 1399 4112">
    <p class='ocr_par' dir='ltr' id='par_1_2' title="bbox 165 432 1320 625">
     <span class='ocr_line' id='line_1_2' title="bbox 165 432 1320 520; baseline -0.014 -4"><span class='ocrx_word' id='word_1_2' title='bbox 165 451 305 520; x_wconf 82' lang='lat' dir='ltr'>salutaris</span> <span class='ocrx_word' id='word_1_3' title='bbox 327 443 546 517; x_wconf 66' lang='lat' dir='ltr'>otendebant,</span> <span class='ocrx_word' id='word_1_4' title='bbox 567 438 651 502; x_wconf 84' lang='lat' dir='ltr'>lieret</span> <span class='ocrx_word' id='word_1_5' title='bbox 671 437 814 499; x_wconf 82' lang='lat' dir='ltr'>exitialis.</span> <span class='ocrx_word' id='word_1_6' title='bbox 857 434 1115 510; x_wconf 66' lang='lat' dir='ltr'>Consiliator,</span> <span class='ocrx_word' id='word_1_7' title='bbox 1137 432 1189 495; x_wconf 82' lang='lat' dir='ltr'>vir</span> <span class='ocrx_word' id='word_1_8' title='bbox 1211 437 1320 518; x_wconf 85' lang='lat' dir='ltr'>iugen-</span> 
     </span>
     <span class='ocr_line' id='line_1_3' title="bbox 167 553 398 625; baseline -0.048 -3"><span class='ocrx_word' id='word_1_9' title='bbox 167 561 207 622; x_wconf 89' lang='lat' dir='ltr'>tis</span> <span class='ocrx_word' id='word_1_10' title='bbox 225 553 398 625; x_wconf 80' lang='lat' dir='ltr'>doctrinae,</span> 
     </span>
    </p>

    <p class='ocr_par' dir='ltr' id='par_1_3' title="bbox 162 639 1381 2778">
     <span class='ocr_line' id='line_1_4' title="bbox 252 639 1320 726; baseline -0.014 -11"><span class='ocrx_word' id='word_1_11' title='bbox 252 653 313 720; x_wconf 83' lang='lat' dir='ltr'>Sed</span> <span class='ocrx_word' id='word_1_12' title='bbox 328 651 444 714; x_wconf 82' lang='lat' dir='ltr'>deliciet</span> <span class='ocrx_word' id='word_1_13' title='bbox 465 668 516 708; x_wconf 89' lang='lat' dir='ltr'>me</span> <span class='ocrx_word' id='word_1_14' title='bbox 531 661 651 726; x_wconf 84' lang='lat' dir='ltr'>tempus</span> <span class='ocrx_word' id='word_1_15' title='bbox 663 654 855 707; x_wconf 70' lang='lat' dir='ltr'><strong>enarrantem</strong></span> <span class='ocrx_word' id='word_1_16' title='bbox 872 639 911 702; x_wconf 90' lang='lat' dir='ltr'>de</span> <span class='ocrx_word' id='word_1_17' title='bbox 927 641 977 703; x_wconf 84' lang='lat' dir='ltr'>his</span> <span class='ocrx_word' id='word_1_18' title='bbox 996 640 1149 702; x_wconf 86' lang='lat' dir='ltr'>omnibus.</span> <span class='ocrx_word' id='word_1_19' title='bbox 1195 642 1233 707; x_wconf 78' lang='lat' dir='ltr'>Si</span> <span class='ocrx_word' id='word_1_20' title='bbox 1248 665 1320 706; x_wconf 70' lang='lat' dir='ltr'>arra</span> 
     </span>
     <span class='ocr_line' id='line_1_5' title="bbox 169 744 1320 831; baseline -0.017 -6"><span class='ocrx_word' id='word_1_21' title='bbox 169 772 213 825; x_wconf 90' lang='lat' dir='ltr'>est</span> <span class='ocrx_word' id='word_1_22' title='bbox 234 757 388 830; x_wconf 85' lang='lat' dir='ltr'>eanoniea,</span> <span class='ocrx_word' id='word_1_23' title='bbox 406 773 522 831; x_wconf 89' lang='lat' dir='ltr'>ungere</span> <span class='ocrx_word' id='word_1_24' title='bbox 543 770 614 811; x_wconf 85' lang='lat' dir='ltr'>oum</span> <span class='ocrx_word' id='word_1_25' title='bbox 632 759 761 826; x_wconf 89' lang='lat' dir='ltr'>argento</span> <span class='ocrx_word' id='word_1_26' title='bbox 782 746 874 819; x_wconf 79' lang='lat' dir='ltr'>sivo,</span> <span class='ocrx_word' id='word_1_27' title='bbox 894 744 950 804; x_wconf 89' lang='lat' dir='ltr'>ubi</span> <span class='ocrx_word' id='word_1_28' title='bbox 969 745 1089 806; x_wconf 84' lang='lat' dir='ltr'>ossilla</span> <span class='ocrx_word' id='word_1_29' title='bbox 1109 765 1209 806; x_wconf 81' lang='lat' dir='ltr'>aurea</span> <span class='ocrx_word' id='word_1_30' title='bbox 1229 747 1320 825; x_wconf 86' lang='lat' dir='ltr'>Hip·</span> 
     </span>
     <span class='ocr_line' id='line_1_6' title="bbox 170 845 1323 946; baseline -0.014 -20"><span class='ocrx_word' id='word_1_31' title='bbox 170 860 343 946; x_wconf 84' lang='lat' dir='ltr'>pooratis</span> <span class='ocrx_word' id='word_1_32' title='bbox 360 857 481 935; x_wconf 88' lang='lat' dir='ltr'>regula·</span> <span class='ocrx_word' id='word_1_33' title='bbox 511 852 687 932; x_wconf 89' lang='lat' dir='ltr'>ubicunque</span> <span class='ocrx_word' id='word_1_34' title='bbox 707 862 817 910; x_wconf 89' lang='lat' dir='ltr'>natura</span> <span class='ocrx_word' id='word_1_35' title='bbox 840 848 939 927; x_wconf 84' lang='lat' dir='ltr'>repit,</span> <span class='ocrx_word' id='word_1_36' title='bbox 966 848 1040 908; x_wconf 87' lang='lat' dir='ltr'>illua</span> <span class='ocrx_word' id='word_1_37' title='bbox 1060 845 1171 908; x_wconf 86' lang='lat' dir='ltr'>duoare</span> <span class='ocrx_word' id='word_1_38' title='bbox 1199 862 1323 927; x_wconf 86' lang='lat' dir='ltr'>oportet</span> 
     </span>
     <span class='ocr_line' id='line_1_7' title="bbox 169 951 1381 1049; baseline -0.015 -20"><span class='ocrx_word' id='word_1_39' title='bbox 169 987 227 1049; x_wconf 83' lang='lat' dir='ltr'>per</span> <span class='ocrx_word' id='word_1_40' title='bbox 247 961 459 1026; x_wconf 81' lang='lat' dir='ltr'>convenientes</span> <span class='ocrx_word' id='word_1_41' title='bbox 482 951 644 1037; x_wconf 77' lang='lat' dir='ltr'>regiones?</span> <span class='ocrx_word' id='word_1_42' title='bbox 688 954 751 1016; x_wconf 85' lang='lat' dir='ltr'>Ubi</span> <span class='ocrx_word' id='word_1_43' title='bbox 779 973 859 1013; x_wconf 87' lang='lat' dir='ltr'>nuuc</span> <span class='ocrx_word' id='word_1_44' title='bbox 887 952 941 1011; x_wconf 84' lang='lat' dir='ltr'>illa</span> <span class='ocrx_word' id='word_1_45' title='bbox 968 951 1162 1031; x_wconf 86' lang='lat' dir='ltr'>promulgata</span> <span class='ocrx_word' id='word_1_46' title='bbox 1195 964 1227 1012; x_wconf 90' lang='lat' dir='ltr'>et</span> <span class='ocrx_word' id='word_1_47' title='bbox 1254 955 1322 1015; x_wconf 79' lang='lat' dir='ltr'>vrrl·</span> <span class='ocrx_word' id='word_1_48' title='bbox 1377 984 1381 1023; x_wconf 64' lang='lat'>2</span> 
     </span>
     <span class='ocr_line' id='line_1_8' title="bbox 162 1034 1381 1161; baseline -0.01 -33"><span class='ocrx_word' id='word_1_49' title='bbox 162 1068 252 1161; x_wconf 21' lang='lat' dir='ltr'>*garis</span> <span class='ocrx_word' id='word_1_50' title='bbox 282 1063 420 1127; x_wconf 90' lang='lat' dir='ltr'>omnium</span> <span class='ocrx_word' id='word_1_51' title='bbox 454 1050 614 1122; x_wconf 83' lang='lat' dir='ltr'>doctorum</span> <span class='ocrx_word' id='word_1_52' title='bbox 642 1056 807 1130; x_wconf 87' lang='lat' dir='ltr'>sententia,</span> <span class='ocrx_word' id='word_1_53' title='bbox 836 1075 875 1114; x_wconf 93' lang='lat' dir='ltr'>ne</span> <span class='ocrx_word' id='word_1_54' title='bbox 903 1051 956 1115; x_wconf 82' lang='lat' dir='ltr'>fiat</span> <span class='ocrx_word' id='word_1_55' title='bbox 988 1050 1120 1117; x_wconf 80' lang='lat' dir='ltr'>diversio</span> <span class='ocrx_word' id='word_1_56' title='bbox 1141 1054 1251 1136; x_wconf 88' lang='lat' dir='ltr'>aliqua</span> <span class='ocrx_word' id='word_1_57' title='bbox 1287 1034 1381 1116; x_wconf 80' lang='lat' dir='ltr'>de&#39;</span> 
     </span>
     <span class='ocr_line' id='line_1_9' title="bbox 172 1150 1379 1249; baseline -0.011 -19"><span class='ocrx_word' id='word_1_58' title='bbox 172 1152 360 1249; x_wconf 70' lang='lat' dir='ltr'>ignobilibus</span> <span class='ocrx_word' id='word_1_59' title='bbox 389 1158 429 1225; x_wconf 81' lang='lat' dir='ltr'>ed</span> <span class='ocrx_word' id='word_1_60' title='bbox 458 1150 598 1222; x_wconf 78' lang='lat' dir='ltr'>nobilia?</span> <span class='ocrx_word' id='word_1_61' title='bbox 648 1157 713 1222; x_wconf 88' lang='lat' dir='ltr'>Ubi</span> <span class='ocrx_word' id='word_1_62' title='bbox 751 1175 833 1218; x_wconf 87' lang='lat' dir='ltr'>nune</span> <span class='ocrx_word' id='word_1_63' title='bbox 865 1154 919 1217; x_wconf 88' lang='lat' dir='ltr'>illa</span> <span class='ocrx_word' id='word_1_64' title='bbox 954 1153 1244 1220; x_wconf 73' lang='lat' dir='ltr'>consiliatoris</span> <span class='ocrx_word' id='word_1_65' title='bbox 1277 1177 1323 1218; x_wconf 87' lang='lat' dir='ltr'>re-</span> <span class='ocrx_word' id='word_1_66' title='bbox 1375 1166 1379 1191; x_wconf 84' lang='lat'>¹</span> 
     </span>
     <span class='ocr_line' id='line_1_10' title="bbox 172 1255 1323 1365; baseline -0.009 -33"><span class='ocrx_word' id='word_1_67' title='bbox 172 1271 261 1365; x_wconf 83' lang='lat' dir='ltr'>gula,</span> <span class='ocrx_word' id='word_1_68' title='bbox 294 1289 333 1329; x_wconf 84' lang='lat' dir='ltr'>ne</span> <span class='ocrx_word' id='word_1_69' title='bbox 362 1264 414 1328; x_wconf 81' lang='lat' dir='ltr'>fiat</span> <span class='ocrx_word' id='word_1_70' title='bbox 441 1262 543 1325; x_wconf 91' lang='lat' dir='ltr'>linitio</span> <span class='ocrx_word' id='word_1_71' title='bbox 562 1280 632 1323; x_wconf 89' lang='lat' dir='ltr'>cum</span> <span class='ocrx_word' id='word_1_72' title='bbox 653 1279 756 1322; x_wconf 84' lang='lat' dir='ltr'>cerusa</span> <span class='ocrx_word' id='word_1_73' title='bbox 778 1259 810 1318; x_wconf 96' lang='lat' dir='ltr'>in</span> <span class='ocrx_word' id='word_1_74' title='bbox 832 1257 942 1337; x_wconf 84' lang='lat' dir='ltr'>hepate</span> <span class='ocrx_word' id='word_1_75' title='bbox 960 1255 1220 1339; x_wconf 81' lang='lat' dir='ltr'>superoaleiaeto?</span> <span class='ocrx_word' id='word_1_76' title='bbox 1267 1261 1323 1322; x_wconf 83' lang='lat' dir='ltr'>Ar·</span> 
     </span>
     <span class='ocr_line' id='line_1_11' title="bbox 172 1357 1323 1455; baseline -0.012 -20"><span class='ocrx_word' id='word_1_77' title='bbox 172 1384 298 1455; x_wconf 89' lang='lat' dir='ltr'>gentum</span> <span class='ocrx_word' id='word_1_78' title='bbox 327 1381 429 1430; x_wconf 88' lang='lat' dir='ltr'>autem</span> <span class='ocrx_word' id='word_1_79' title='bbox 450 1365 557 1429; x_wconf 79' lang='lat' dir='ltr'>viuum</span> <span class='ocrx_word' id='word_1_80' title='bbox 579 1361 706 1443; x_wconf 89' lang='lat' dir='ltr'>ungitur</span> <span class='ocrx_word' id='word_1_81' title='bbox 726 1357 894 1442; x_wconf 88' lang='lat' dir='ltr'>aliquanda</span> <span class='ocrx_word' id='word_1_82' title='bbox 914 1379 971 1439; x_wconf 83' lang='lat' dir='ltr'>per</span> <span class='ocrx_word' id='word_1_83' title='bbox 994 1370 1090 1421; x_wconf 88' lang='lat' dir='ltr'>totum</span> <span class='ocrx_word' id='word_1_84' title='bbox 1112 1379 1247 1442; x_wconf 83' lang='lat' dir='ltr'>eorpus,</span> <span class='ocrx_word' id='word_1_85' title='bbox 1269 1363 1323 1424; x_wconf 89' lang='lat' dir='ltr'>ali·</span> 
     </span>
     <span class='ocr_line' id='line_1_12' title="bbox 174 1456 1323 1559; baseline -0.009 -24"><span class='ocrx_word' id='word_1_86' title='bbox 174 1470 298 1559; x_wconf 89' lang='lat' dir='ltr'>quando</span> <span class='ocrx_word' id='word_1_87' title='bbox 319 1470 352 1530; x_wconf 92' lang='lat' dir='ltr'>iu</span> <span class='ocrx_word' id='word_1_88' title='bbox 373 1466 521 1529; x_wconf 90' lang='lat' dir='ltr'>iuncturis</span> <span class='ocrx_word' id='word_1_89' title='bbox 541 1463 694 1551; x_wconf 85' lang='lat' dir='ltr'>omnibus.</span> <span class='ocrx_word' id='word_1_90' title='bbox 742 1460 806 1522; x_wconf 90' lang='lat' dir='ltr'>Ubi</span> <span class='ocrx_word' id='word_1_91' title='bbox 836 1478 919 1521; x_wconf 87' lang='lat' dir='ltr'>nunc</span> <span class='ocrx_word' id='word_1_92' title='bbox 945 1459 1000 1520; x_wconf 87' lang='lat' dir='ltr'>illa</span> <span class='ocrx_word' id='word_1_93' title='bbox 1024 1456 1181 1555; x_wconf 25' lang='lat' dir='ltr'>Galleni,</span> <span class='ocrx_word' id='word_1_94' title='bbox 1210 1465 1323 1525; x_wconf 86' lang='lat' dir='ltr'>summi</span> 
     </span>
     <span class='ocr_line' id='line_1_13' title="bbox 173 1559 1323 1660; baseline -0.014 -21"><span class='ocrx_word' id='word_1_95' title='bbox 173 1577 338 1660; x_wconf 83' lang='lat' dir='ltr'>principie,</span> <span class='ocrx_word' id='word_1_96' title='bbox 358 1572 504 1635; x_wconf 86' lang='lat' dir='ltr'>autoritas</span> <span class='ocrx_word' id='word_1_97' title='bbox 533 1612 542 1632; x_wconf 89' lang='lat'><strong>.</strong></span> <span class='ocrx_word' id='word_1_98' title='bbox 574 1611 583 1631; x_wconf 92' lang='lat'><strong>.</strong></span> <span class='ocrx_word' id='word_1_99' title='bbox 611 1611 620 1629; x_wconf 91' lang='lat'><strong>.</strong></span> <span class='ocrx_word' id='word_1_100' title='bbox 651 1608 681 1642; x_wconf 91' lang='lat'>.,</span> <span class='ocrx_word' id='word_1_101' title='bbox 702 1564 758 1625; x_wconf 89' lang='lat' dir='ltr'>ubi</span> <span class='ocrx_word' id='word_1_102' title='bbox 779 1559 850 1625; x_wconf 83' lang='lat' dir='ltr'>diva</span> <span class='ocrx_word' id='word_1_103' title='bbox 871 1562 1205 1645; x_wconf 77' lang='lat' dir='ltr'>10.Mesueregula</span> <span class='ocrx_word' id='word_1_104' title='bbox 1235 1609 1323 1640; x_wconf 85' lang='grc'><strong>...,</strong></span> 
     </span>
     <span class='ocr_line' id='line_1_14' title="bbox 175 1662 1321 1746; baseline -0.01 -2"><span class='ocrx_word' id='word_1_105' title='bbox 175 1681 231 1745; x_wconf 91' lang='lat' dir='ltr'>ubi</span> <span class='ocrx_word' id='word_1_106' title='bbox 262 1691 306 1741; x_wconf 89' lang='lat' dir='ltr'>est</span> <span class='ocrx_word' id='word_1_107' title='bbox 332 1672 410 1737; x_wconf 86' lang='lat' dir='ltr'>illud</span> <span class='ocrx_word' id='word_1_108' title='bbox 439 1673 548 1735; x_wconf 86' lang='lat' dir='ltr'>Rasis</span> <span class='ocrx_word' id='word_1_109' title='bbox 577 1691 632 1732; x_wconf 79' lang='lat' dir='ltr'>vsu</span> <span class='ocrx_word' id='word_1_110' title='bbox 661 1667 850 1728; x_wconf 81' lang='lat' dir='ltr'>Almansoris</span> <span class='ocrx_word' id='word_1_111' title='bbox 876 1662 914 1726; x_wconf 87' lang='lat' dir='ltr'>de</span> <span class='ocrx_word' id='word_1_112' title='bbox 943 1665 1059 1728; x_wconf 88' lang='lat' dir='ltr'>malitia</span> <span class='ocrx_word' id='word_1_113' title='bbox 1084 1667 1206 1746; x_wconf 88' lang='lat' dir='ltr'>argenti</span> <span class='ocrx_word' id='word_1_114' title='bbox 1235 1668 1321 1733; x_wconf 79' lang='lat' dir='ltr'>viti?</span> 
     </span>
     <span class='ocr_line' id='line_1_15' title="bbox 175 1766 1321 1861; baseline -0.009 -17"><span class='ocrx_word' id='word_1_115' title='bbox 175 1783 213 1844; x_wconf 87' lang='lat' dir='ltr'>Et</span> <span class='ocrx_word' id='word_1_116' title='bbox 244 1774 400 1861; x_wconf 85' lang='lat' dir='ltr'>quomodo</span> <span class='ocrx_word' id='word_1_117' title='bbox 435 1775 559 1852; x_wconf 87' lang='lat' dir='ltr'>regibus</span> <span class='ocrx_word' id='word_1_118' title='bbox 598 1782 628 1832; x_wconf 87' lang='lat' dir='ltr'>et</span> <span class='ocrx_word' id='word_1_119' title='bbox 665 1768 856 1850; x_wconf 84' lang='lat' dir='ltr'>principibus</span> <span class='ocrx_word' id='word_1_120' title='bbox 887 1768 1017 1831; x_wconf 88' lang='lat' dir='ltr'>mortuis</span> <span class='ocrx_word' id='word_1_121' title='bbox 1049 1766 1247 1832; x_wconf 77' lang='lat' dir='ltr'>infundimus</span> <span class='ocrx_word' id='word_1_122' title='bbox 1277 1794 1321 1834; x_wconf 89' lang='lat' dir='ltr'>ar·</span> 
     </span>
     <span class='ocr_line' id='line_1_16' title="bbox 176 1867 1322 1963; baseline -0.009 -18"><span class='ocrx_word' id='word_1_123' title='bbox 176 1896 299 1963; x_wconf 79' lang='lat' dir='ltr'><strong>gentum</strong></span> <span class='ocrx_word' id='word_1_124' title='bbox 328 1880 436 1945; x_wconf 81' lang='lat' dir='ltr'>uiuum</span> <span class='ocrx_word' id='word_1_125' title='bbox 464 1874 504 1937; x_wconf 90' lang='lat' dir='ltr'>ad</span> <span class='ocrx_word' id='word_1_126' title='bbox 535 1895 638 1950; x_wconf 85' lang='lat' dir='ltr'>nares,</span> <span class='ocrx_word' id='word_1_127' title='bbox 667 1895 705 1934; x_wconf 93' lang='lat' dir='ltr'>ne</span> <span class='ocrx_word' id='word_1_128' title='bbox 734 1868 846 1933; x_wconf 85' lang='lat' dir='ltr'>defluat</span> <span class='ocrx_word' id='word_1_129' title='bbox 872 1867 1054 1933; x_wconf 83' lang='lat' dir='ltr'>cerebrum?</span> <span class='ocrx_word' id='word_1_130' title='bbox 1107 1870 1192 1934; x_wconf 88' lang='lat' dir='ltr'>Vide</span> <span class='ocrx_word' id='word_1_131' title='bbox 1225 1896 1322 1956; x_wconf 91' lang='lat' dir='ltr'>quan·</span> 
     </span>
     <span class='ocr_line' id='line_1_17' title="bbox 178 1973 1323 2054; baseline -0.008 -6"><span class='ocrx_word' id='word_1_132' title='bbox 178 2000 225 2048; x_wconf 88' lang='lat' dir='ltr'>tae</span> <span class='ocrx_word' id='word_1_133' title='bbox 255 1986 294 2047; x_wconf 88' lang='lat' dir='ltr'>sit</span> <span class='ocrx_word' id='word_1_134' title='bbox 324 1978 504 2054; x_wconf 69' lang='lat' dir='ltr'>activitatis,</span> <span class='ocrx_word' id='word_1_135' title='bbox 546 1989 581 2038; x_wconf 92' lang='lat' dir='ltr'>ut</span> <span class='ocrx_word' id='word_1_136' title='bbox 609 1975 699 2036; x_wconf 88' lang='lat' dir='ltr'>etiam</span> <span class='ocrx_word' id='word_1_137' title='bbox 741 1973 774 2034; x_wconf 91' lang='lat' dir='ltr'>in</span> <span class='ocrx_word' id='word_1_138' title='bbox 807 1973 936 2036; x_wconf 81' lang='lat' dir='ltr'>mortuis</span> <span class='ocrx_word' id='word_1_139' title='bbox 969 1974 1048 2037; x_wconf 87' lang='lat' dir='ltr'>vires</span> <span class='ocrx_word' id='word_1_140' title='bbox 1080 1994 1150 2036; x_wconf 88' lang='lat' dir='ltr'>suas</span> <span class='ocrx_word' id='word_1_141' title='bbox 1185 1989 1323 2039; x_wconf 83' lang='lat' dir='ltr'>ostentet.</span> 
     </span>
     <span class='ocr_line' id='line_1_18' title="bbox 178 2075 1378 2160; baseline -0.008 -12"><span class='ocrx_word' id='word_1_142' title='bbox 178 2085 239 2151; x_wconf 80' lang='lat' dir='ltr'>sed</span> <span class='ocrx_word' id='word_1_143' title='bbox 262 2084 374 2146; x_wconf 85' lang='lat' dir='ltr'>diceret</span> <span class='ocrx_word' id='word_1_144' title='bbox 393 2082 471 2143; x_wconf 88' lang='lat' dir='ltr'>mihi</span> <span class='ocrx_word' id='word_1_145' title='bbox 491 2079 646 2160; x_wconf 81' lang='lat' dir='ltr'>sophista:</span> <span class='ocrx_word' id='word_1_146' title='bbox 678 2078 853 2138; x_wconf 88' lang='lat' dir='ltr'>Paulus.</span> <span class='ocrx_word' id='word_1_147' title='bbox 876 2117 902 2151; x_wconf 85' lang='lat'>.,</span> <span class='ocrx_word' id='word_1_148' title='bbox 931 2075 1050 2138; x_wconf 81' lang='lat' dir='ltr'>¹lintis</span> <span class='ocrx_word' id='word_1_149' title='bbox 1079 2077 1145 2156; x_wconf 84' lang='lat' dir='ltr'>ipse</span> <span class='ocrx_word' id='word_1_150' title='bbox 1169 2090 1200 2140; x_wconf 88' lang='lat' dir='ltr'>et</span> <span class='ocrx_word' id='word_1_151' title='bbox 1219 2098 1323 2143; x_wconf 86' lang='lat' dir='ltr'>omnes</span> <span class='ocrx_word' id='word_1_152' title='bbox 1375 2110 1378 2121; x_wconf 90' lang='lat'><strong>·</strong></span> 
     </span>
     <span class='ocr_line' id='line_1_19' title="bbox 179 2179 1324 2270; baseline -0.009 -19"><span class='ocrx_word' id='word_1_153' title='bbox 179 2201 248 2270; x_wconf 86' lang='lat' dir='ltr'>post</span> <span class='ocrx_word' id='word_1_154' title='bbox 271 2186 401 2249; x_wconf 86' lang='lat' dir='ltr'>Rasim</span> <span class='ocrx_word' id='word_1_155' title='bbox 423 2228 432 2245; x_wconf 89' lang='lat'><strong><em>.</em></strong></span> <span class='ocrx_word' id='word_1_156' title='bbox 455 2228 464 2245; x_wconf 90' lang='lat'><strong>.</strong></span> <span class='ocrx_word' id='word_1_157' title='bbox 484 2184 533 2244; x_wconf 91' lang='lat' dir='ltr'>usi</span> <span class='ocrx_word' id='word_1_158' title='bbox 556 2195 627 2244; x_wconf 89' lang='lat' dir='ltr'>suut</span> <span class='ocrx_word' id='word_1_159' title='bbox 644 2182 713 2260; x_wconf 89' lang='lat' dir='ltr'>ipso</span> <span class='ocrx_word' id='word_1_160' title='bbox 735 2180 767 2240; x_wconf 90' lang='lat' dir='ltr'>in</span> <span class='ocrx_word' id='word_1_161' title='bbox 788 2179 887 2241; x_wconf 85' lang='lat' dir='ltr'>eoabie</span> <span class='ocrx_word' id='word_1_162' title='bbox 909 2192 938 2241; x_wconf 89' lang='lat' dir='ltr'>et</span> <span class='ocrx_word' id='word_1_163' title='bbox 958 2179 1044 2242; x_wconf 82' lang='lat' dir='ltr'>aliis=</span> <span class='ocrx_word' id='word_1_164' title='bbox 1065 2180 1162 2257; x_wconf 83' lang='lat' dir='ltr'>igitur</span> <span class='ocrx_word' id='word_1_165' title='bbox 1183 2183 1235 2243; x_wconf 88' lang='lat' dir='ltr'>uti</span> <span class='ocrx_word' id='word_1_166' title='bbox 1257 2203 1324 2264; x_wconf 84' lang='lat' dir='ltr'>pos·</span> 
     </span>
     <span class='ocr_line' id='line_1_20' title="bbox 169 2281 1323 2365; baseline -0.002 -14"><span class='ocrx_word' id='word_1_167' title='bbox 169 2309 296 2351; x_wconf 82' lang='lat' dir='ltr'>sumus.</span> <span class='ocrx_word' id='word_1_168' title='bbox 338 2287 473 2363; x_wconf 79' lang='lat' dir='ltr'>Revera,</span> <span class='ocrx_word' id='word_1_169' title='bbox 494 2286 553 2346; x_wconf 91' lang='lat' dir='ltr'>tibi</span> <span class='ocrx_word' id='word_1_170' title='bbox 572 2282 761 2365; x_wconf 76' lang='lat' dir='ltr'>respondeo,</span> <span class='ocrx_word' id='word_1_171' title='bbox 793 2284 1006 2364; x_wconf 82' lang='lat' dir='ltr'>oppositorum</span> <span class='ocrx_word' id='word_1_172' title='bbox 1029 2281 1134 2346; x_wconf 79' lang='lat' dir='ltr'>eadem</span> <span class='ocrx_word' id='word_1_173' title='bbox 1157 2299 1203 2348; x_wconf 91' lang='lat' dir='ltr'>est</span> <span class='ocrx_word' id='word_1_174' title='bbox 1239 2284 1323 2349; x_wconf 85' lang='lat' dir='ltr'>disai-</span> 
     </span>
     <span class='ocr_line' id='line_1_21' title="bbox 179 2380 1377 2471; baseline -0.003 -20"><span class='ocrx_word' id='word_1_175' title='bbox 179 2392 282 2471; x_wconf 66' lang='lat' dir='ltr'>plina,</span> <span class='ocrx_word' id='word_1_176' title='bbox 302 2389 429 2451; x_wconf 80' lang='lat' dir='ltr'>tractare</span> <span class='ocrx_word' id='word_1_177' title='bbox 450 2388 620 2449; x_wconf 84' lang='lat' dir='ltr'>besoartica</span> <span class='ocrx_word' id='word_1_178' title='bbox 640 2388 670 2450; x_wconf 80' lang='lat' dir='ltr'>&#39;et</span> <span class='ocrx_word' id='word_1_179' title='bbox 691 2406 809 2450; x_wconf 86' lang='lat' dir='ltr'>venena</span> <span class='ocrx_word' id='word_1_180' title='bbox 828 2383 1194 2467; x_wconf 74' lang='lat' dir='ltr'>describere‚-utrunque</span> <span class='ocrx_word' id='word_1_181' title='bbox 1213 2400 1323 2469; x_wconf 82' lang='lat' dir='ltr'>spectat</span> <span class='ocrx_word' id='word_1_182' title='bbox 1375 2380 1377 2389; x_wconf 15' lang='grc' dir='ltr'>ἱ</span> 
     </span>
     <span class='ocr_line' id='line_1_22' title="bbox 182 2487 1326 2569; baseline 0 -15"><span class='ocrx_word' id='word_1_183' title='bbox 182 2491 220 2554; x_wconf 83' lang='lat' dir='ltr'>ad</span> <span class='ocrx_word' id='word_1_184' title='bbox 243 2487 462 2564; x_wconf 74' lang='lat' dir='ltr'>medicum,&#39;et</span> <span class='ocrx_word' id='word_1_185' title='bbox 483 2508 589 2549; x_wconf 83' lang='lat' dir='ltr'>aurare</span> <span class='ocrx_word' id='word_1_186' title='bbox 609 2489 816 2551; x_wconf 73' lang='lat' dir='ltr'>eternitatem</span> <span class='ocrx_word' id='word_1_187' title='bbox 839 2501 1009 2569; x_wconf 82' lang='lat' dir='ltr'>praestare:</span> <span class='ocrx_word' id='word_1_188' title='bbox 1025 2507 1103 2551; x_wconf 82' lang='lat' dir='ltr'>non</span> <span class='ocrx_word' id='word_1_189' title='bbox 1123 2501 1232 2552; x_wconf 84' lang='lat' dir='ltr'>autem</span> <span class='ocrx_word' id='word_1_190' title='bbox 1253 2492 1326 2554; x_wconf 82' lang='lat' dir='ltr'>oeti-</span> 
     </span>
     <span class='ocr_line' id='line_1_23' title="bbox 181 2587 1327 2674; baseline -0.003 -18"><span class='ocrx_word' id='word_1_191' title='bbox 181 2594 254 2656; x_wconf 88' lang='lat' dir='ltr'>dere</span> <span class='ocrx_word' id='word_1_192' title='bbox 277 2592 384 2654; x_wconf 85' lang='lat' dir='ltr'>attinet</span> <span class='ocrx_word' id='word_1_193' title='bbox 404 2587 532 2652; x_wconf 80' lang='lat' dir='ltr'>medion.</span> <span class='ocrx_word' id='word_1_194' title='bbox 573 2589 633 2654; x_wconf 87' lang='lat' dir='ltr'>Ssd</span> <span class='ocrx_word' id='word_1_195' title='bbox 655 2593 716 2651; x_wconf 78' lang='lat' dir='ltr'>lieu</span> <span class='ocrx_word' id='word_1_196' title='bbox 736 2590 848 2652; x_wconf 88' lang='lat' dir='ltr'>infiniti</span> <span class='ocrx_word' id='word_1_197' title='bbox 869 2590 986 2654; x_wconf 83' lang='lat' dir='ltr'>inscitia</span> <span class='ocrx_word' id='word_1_198' title='bbox 1009 2588 1201 2653; x_wconf 84' lang='lat' dir='ltr'>medioorunr</span> <span class='ocrx_word' id='word_1_199' title='bbox 1231 2592 1327 2674; x_wconf 76' lang='lat' dir='ltr'>perie-</span> 
     </span>
     <span class='ocr_line' id='line_1_24' title="bbox 183 2691 1328 2778; baseline -0.008 -18"><span class='ocrx_word' id='word_1_200' title='bbox 183 2711 273 2773; x_wconf 85' lang='lat' dir='ltr'>runt,</span> <span class='ocrx_word' id='word_1_201' title='bbox 298 2693 336 2756; x_wconf 85' lang='lat' dir='ltr'>tle</span> <span class='ocrx_word' id='word_1_202' title='bbox 358 2692 566 2778; x_wconf 72' lang='lat' dir='ltr'>quozabunds</span> <span class='ocrx_word' id='word_1_203' title='bbox 586 2694 620 2755; x_wconf 94' lang='lat' dir='ltr'>in</span> <span class='ocrx_word' id='word_1_204' title='bbox 641 2691 680 2755; x_wconf 87' lang='lat' dir='ltr'>de</span> <span class='ocrx_word' id='word_1_205' title='bbox 701 2694 857 2756; x_wconf 84' lang='lat' dir='ltr'>erroribus</span> <span class='ocrx_word' id='word_1_206' title='bbox 878 2692 946 2756; x_wconf 84' lang='lat' dir='ltr'>dixi</span> <span class='ocrx_word' id='word_1_207' title='bbox 1001 2736 1281 2758; x_wconf 87' lang='grc'><strong>......</strong></span> <span class='ocrx_word' id='word_1_208' title='bbox 1295 2736 1300 2746; x_wconf 89' lang='grc'><strong>.</strong></span> <span class='ocrx_word' id='word_1_209' title='bbox 1321 2740 1328 2758; x_wconf 88' lang='grc'><strong>.</strong></span> 
     </span>
    </p>

    <p class='ocr_par' dir='ltr' id='par_1_4' title="bbox 171 2793 1399 4017">
     <span class='ocr_line' id='line_1_25' title="bbox 269 2793 1331 2878; baseline -0.003 -17"><span class='ocrx_word' id='word_1_210' title='bbox 269 2795 331 2861; x_wconf 76' lang='lat' dir='ltr'>sed</span> <span class='ocrx_word' id='word_1_211' title='bbox 353 2797 426 2878; x_wconf 85' lang='lat' dir='ltr'>quia</span> <span class='ocrx_word' id='word_1_212' title='bbox 447 2795 527 2856; x_wconf 88' lang='lat' dir='ltr'>mihi</span> <span class='ocrx_word' id='word_1_213' title='bbox 546 2817 616 2857; x_wconf 87' lang='lat' dir='ltr'>oum</span> <span class='ocrx_word' id='word_1_214' title='bbox 636 2793 761 2858; x_wconf 85' lang='lat' dir='ltr'>medicis</span> <span class='ocrx_word' id='word_1_215' title='bbox 782 2796 948 2873; x_wconf 85' lang='lat' dir='ltr'>saturatio,</span> <span class='ocrx_word' id='word_1_216' title='bbox 967 2795 1124 2874; x_wconf 85' lang='lat' dir='ltr'>interrogo</span> <span class='ocrx_word' id='word_1_217' title='bbox 1144 2815 1203 2860; x_wconf 80' lang='lat' dir='ltr'>vos</span> <span class='ocrx_word' id='word_1_218' title='bbox 1221 2797 1331 2877; x_wconf 83' lang='lat' dir='ltr'>practi-</span> 
     </span>
     <span class='ocr_line' id='line_1_26' title="bbox 186 2896 1333 2979; baseline -0.002 -15"><span class='ocrx_word' id='word_1_219' title='bbox 186 2920 252 2964; x_wconf 85' lang='lat' dir='ltr'>oos:</span> <span class='ocrx_word' id='word_1_220' title='bbox 271 2900 305 2960; x_wconf 90' lang='lat' dir='ltr'>in</span> <span class='ocrx_word' id='word_1_221' title='bbox 315 2901 404 2979; x_wconf 88' lang='lat' dir='ltr'>lapsu</span> <span class='ocrx_word' id='word_1_222' title='bbox 417 2899 628 2959; x_wconf 87' lang='lat' dir='ltr'>anomalarum</span> <span class='ocrx_word' id='word_1_223' title='bbox 640 2898 898 2978; x_wconf 84' lang='lat' dir='ltr'>eomplexionum,</span> <span class='ocrx_word' id='word_1_224' title='bbox 920 2896 1125 2961; x_wconf 74' lang='lat' dir='ltr'>ubisonclusa</span> <span class='ocrx_word' id='word_1_225' title='bbox 1141 2910 1190 2960; x_wconf 91' lang='lat' dir='ltr'>est</span> <span class='ocrx_word' id='word_1_226' title='bbox 1207 2900 1333 2962; x_wconf 82' lang='lat' dir='ltr'>materis</span> 
     </span>
     <span class='ocr_line' id='line_1_27' title="bbox 171 2999 1334 3086; baseline -0.003 -21"><span class='ocrx_word' id='word_1_227' title='bbox 171 3004 306 3086; x_wconf 66' lang='lat' dir='ltr'>entique,</span> <span class='ocrx_word' id='word_1_228' title='bbox 328 3021 390 3064; x_wconf 92' lang='lat' dir='ltr'>non</span> <span class='ocrx_word' id='word_1_229' title='bbox 412 3012 675 3078; x_wconf 81' lang='lat' dir='ltr'>srentsta,.oum,</span> <span class='ocrx_word' id='word_1_230' title='bbox 706 3014 741 3063; x_wconf 92' lang='lat' dir='ltr'>ut</span> <span class='ocrx_word' id='word_1_231' title='bbox 761 3003 839 3064; x_wconf 89' lang='lat' dir='ltr'>solet</span> <span class='ocrx_word' id='word_1_232' title='bbox 857 2999 1007 3080; x_wconf 72' lang='lat' dir='ltr'>neddere,</span> <span class='ocrx_word' id='word_1_233' title='bbox 1036 2999 1233 3073; x_wconf 72' lang='lat' dir='ltr'>aesidentalis</span> <span class='ocrx_word' id='word_1_234' title='bbox 1255 3003 1334 3064; x_wconf 87' lang='lat' dir='ltr'>ealor</span> 
     </span>
     <span class='ocr_line' id='line_1_28' title="bbox 187 3102 1336 3183; baseline -0.003 -15"><span class='ocrx_word' id='word_1_235' title='bbox 187 3107 332 3168; x_wconf 72' lang='lat' dir='ltr'>molestat</span> <span class='ocrx_word' id='word_1_236' title='bbox 348 3103 531 3183; x_wconf 86' lang='lat' dir='ltr'>patientem,</span> <span class='ocrx_word' id='word_1_237' title='bbox 550 3102 620 3166; x_wconf 83' lang='lat' dir='ltr'>lieet</span> <span class='ocrx_word' id='word_1_238' title='bbox 640 3105 768 3166; x_wconf 91' lang='lat' dir='ltr'>morbus</span> <span class='ocrx_word' id='word_1_239' title='bbox 788 3104 827 3166; x_wconf 91' lang='lat' dir='ltr'>sit</span> <span class='ocrx_word' id='word_1_240' title='bbox 848 3106 891 3166; x_wconf 71' lang='lat' dir='ltr'>est</span> <span class='ocrx_word' id='word_1_241' title='bbox 909 3102 1063 3166; x_wconf 84' lang='lat' dir='ltr'>ebroniois</span> <span class='ocrx_word' id='word_1_242' title='bbox 1084 3115 1114 3165; x_wconf 85' lang='lat' dir='ltr'>et</span> <span class='ocrx_word' id='word_1_243' title='bbox 1134 3102 1279 3182; x_wconf 80' lang='lat' dir='ltr'>frigidis,</span> <span class='ocrx_word' id='word_1_244' title='bbox 1305 3116 1336 3166; x_wconf 88' lang='lat' dir='ltr'>at</span> 
     </span>
     <span class='ocr_line' id='line_1_29' title="bbox 186 3205 1388 3290; baseline -0.003 -19"><span class='ocrx_word' id='word_1_245' title='bbox 186 3211 221 3271; x_wconf 91' lang='lat' dir='ltr'>in</span> <span class='ocrx_word' id='word_1_246' title='bbox 244 3211 351 3271; x_wconf 89' lang='lat' dir='ltr'>morbo</span> <span class='ocrx_word' id='word_1_247' title='bbox 376 3207 539 3284; x_wconf 82' lang='lat' dir='ltr'>Franciae,</span> <span class='ocrx_word' id='word_1_248' title='bbox 559 3219 594 3268; x_wconf 92' lang='lat' dir='ltr'>tu</span> <span class='ocrx_word' id='word_1_249' title='bbox 614 3208 725 3268; x_wconf 89' lang='lat' dir='ltr'>morbo</span> <span class='ocrx_word' id='word_1_250' title='bbox 746 3219 777 3268; x_wconf 84' lang='lat' dir='ltr'>et</span> <span class='ocrx_word' id='word_1_251' title='bbox 797 3212 971 3290; x_wconf 79' lang='lat' dir='ltr'>syntomate</span> <span class='ocrx_word' id='word_1_252' title='bbox 992 3208 1038 3270; x_wconf 83' lang='lat' dir='ltr'>vis</span> <span class='ocrx_word' id='word_1_253' title='bbox 1059 3205 1192 3268; x_wconf 70' lang='lat' dir='ltr'>obviare·</span> <span class='ocrx_word' id='word_1_254' title='bbox 1208 3226 1278 3271; x_wconf 86' lang='lat' dir='ltr'>uno</span> <span class='ocrx_word' id='word_1_255' title='bbox 1292 3226 1336 3267; x_wconf 83' lang='lat' dir='ltr'>re·</span> <span class='ocrx_word' id='word_1_256' title='bbox 1384 3206 1388 3245; x_wconf 65' lang='grc' dir='ltr'>ἶ</span> 
     </span>
     <span class='ocr_line' id='line_1_30' title="bbox 190 3305 1337 3397; baseline -0.003 -25"><span class='ocrx_word' id='word_1_257' title='bbox 190 3310 319 3387; x_wconf 72' lang='lat' dir='ltr'>medio,</span> <span class='ocrx_word' id='word_1_258' title='bbox 336 3309 461 3373; x_wconf 88' lang='lat' dir='ltr'>ordinas</span> <span class='ocrx_word' id='word_1_259' title='bbox 478 3310 608 3372; x_wconf 82' lang='lat' dir='ltr'>in&#39;oisivn</span> <span class='ocrx_word' id='word_1_260' title='bbox 628 3311 832 3397; x_wconf 78' lang='lat' dir='ltr'>subtiliatius,</span> <span class='ocrx_word' id='word_1_261' title='bbox 844 3330 847 3337; x_wconf 86' lang='grc'><strong>’</strong></span> <span class='ocrx_word' id='word_1_262' title='bbox 861 3307 986 3372; x_wconf 86' lang='lat' dir='ltr'>ordinat</span> <span class='ocrx_word' id='word_1_263' title='bbox 1014 3309 1048 3370; x_wconf 89' lang='lat' dir='ltr'>in</span> <span class='ocrx_word' id='word_1_264' title='bbox 1076 3305 1185 3370; x_wconf 87' lang='lat' dir='ltr'>eodem</span> <span class='ocrx_word' id='word_1_265' title='bbox 1218 3308 1337 3388; x_wconf 83' lang='lat' dir='ltr'>inlrigi·</span> 
     </span>
     <span class='ocr_line' id='line_1_31' title="bbox 191 3409 1339 3495; baseline -0.003 -21"><span class='ocrx_word' id='word_1_266' title='bbox 191 3411 294 3474; x_wconf 66' lang='lat' dir='ltr'>danna</span> <span class='ocrx_word' id='word_1_267' title='bbox 313 3410 353 3473; x_wconf 85' lang='lat' dir='ltr'>ad</span> <span class='ocrx_word' id='word_1_268' title='bbox 372 3409 638 3476; x_wconf 69' lang='lat' dir='ltr'>refraenandum?</span> <span class='ocrx_word' id='word_1_269' title='bbox 673 3411 735 3475; x_wconf 73' lang='lat' dir='ltr'>sed</span> <span class='ocrx_word' id='word_1_270' title='bbox 756 3412 889 3495; x_wconf 85' lang='lat' dir='ltr'>quaeso,</span> <span class='ocrx_word' id='word_1_271' title='bbox 910 3411 1074 3488; x_wconf 83' lang='lat' dir='ltr'>dio-anibi,</span> <span class='ocrx_word' id='word_1_272' title='bbox 1094 3430 1198 3472; x_wconf 89' lang='lat' dir='ltr'>nonne</span> <span class='ocrx_word' id='word_1_273' title='bbox 1219 3410 1339 3490; x_wconf 84' lang='lat' dir='ltr'>inlrigi·</span> 
     </span>
     <span class='ocr_line' id='line_1_32' title="bbox 193 3508 1340 3599; baseline -0.003 -25"><span class='ocrx_word' id='word_1_274' title='bbox 193 3513 296 3575; x_wconf 69' lang='lat' dir='ltr'>danna</span> <span class='ocrx_word' id='word_1_275' title='bbox 317 3527 434 3576; x_wconf 90' lang='lat' dir='ltr'>tantum</span> <span class='ocrx_word' id='word_1_276' title='bbox 456 3508 657 3592; x_wconf 62' lang='lat' dir='ltr'>coudintant,</span> <span class='ocrx_word' id='word_1_277' title='bbox 677 3529 828 3599; x_wconf 86' lang='lat' dir='ltr'>quantum</span> <span class='ocrx_word' id='word_1_278' title='bbox 851 3513 1211 3579; x_wconf 69' lang='lat' dir='ltr'>madidas-submissim</span> <span class='ocrx_word' id='word_1_279' title='bbox 1235 3510 1340 3573; x_wconf 81' lang='lat' dir='ltr'>incidit</span> 
     </span>
     <span class='ocr_line' id='line_1_33' title="bbox 193 3613 1338 3696; baseline -0.002 -19"><span class='ocrx_word' id='word_1_280' title='bbox 193 3627 247 3677; x_wconf 88' lang='lat' dir='ltr'>ant</span> <span class='ocrx_word' id='word_1_281' title='bbox 266 3613 414 3679; x_wconf 73' lang='lat' dir='ltr'>resolvit?</span> <span class='ocrx_word' id='word_1_282' title='bbox 458 3615 545 3691; x_wconf 80' lang='lat' dir='ltr'>Quae</span> <span class='ocrx_word' id='word_1_283' title='bbox 564 3617 658 3696; x_wconf 88' lang='lat' dir='ltr'>igitur</span> <span class='ocrx_word' id='word_1_284' title='bbox 671 3616 817 3682; x_wconf 77' lang='lat' dir='ltr'>utilitas?</span> <span class='ocrx_word' id='word_1_285' title='bbox 833 3615 934 3693; x_wconf 74' lang='lat' dir='ltr'>‘Quid</span> <span class='ocrx_word' id='word_1_286' title='bbox 954 3617 1036 3692; x_wconf 79' lang='lat' dir='ltr'>iacis,</span> <span class='ocrx_word' id='word_1_287' title='bbox 1055 3617 1116 3678; x_wconf 92' lang='lat' dir='ltr'>nisi</span> <span class='ocrx_word' id='word_1_288' title='bbox 1136 3628 1229 3678; x_wconf 75' lang='lat' dir='ltr'>terras</span> <span class='ocrx_word' id='word_1_289' title='bbox 1250 3618 1338 3678; x_wconf 80' lang='lat' dir='ltr'>telam</span> 
     </span>
     <span class='ocr_line' id='line_1_34' title="bbox 194 3714 1391 3800; baseline -0.003 -19"><span class='ocrx_word' id='word_1_290' title='bbox 194 3720 408 3798; x_wconf 86' lang='lat' dir='ltr'>Penelopes</span> <span class='ocrx_word' id='word_1_291' title='bbox 430 3731 460 3781; x_wconf 90' lang='lat' dir='ltr'>at</span> <span class='ocrx_word' id='word_1_292' title='bbox 480 3721 646 3799; x_wconf 84' lang='lat' dir='ltr'>patientem</span> <span class='ocrx_word' id='word_1_293' title='bbox 675 3724 817 3784; x_wconf 81' lang='lat' dir='ltr'>molestas</span> <span class='ocrx_word' id='word_1_294' title='bbox 838 3723 937 3783; x_wconf 89' lang='lat' dir='ltr'>multo</span> <span class='ocrx_word' id='word_1_295' title='bbox 957 3732 1112 3799; x_wconf 87' lang='lat' dir='ltr'>tempore,</span> <span class='ocrx_word' id='word_1_296' title='bbox 1138 3730 1176 3779; x_wconf 86' lang='lat' dir='ltr'>nt</span> <span class='ocrx_word' id='word_1_297' title='bbox 1190 3714 1338 3800; x_wconf 63' lang='lat' dir='ltr'>&#39;tumultu</span> <span class='ocrx_word' id='word_1_298' title='bbox 1387 3718 1391 3745; x_wconf 88' lang='lat'><strong>¹</strong></span> 
     </span>
     <span class='ocr_line' id='line_1_35' title="bbox 194 3817 1339 3904; baseline -0.003 -20"><span class='ocrx_word' id='word_1_299' title='bbox 194 3823 308 3884; x_wconf 84' lang='lat' dir='ltr'>frustra</span> <span class='ocrx_word' id='word_1_300' title='bbox 329 3819 529 3902; x_wconf 50' lang='lat' dir='ltr'>expandatis</span> <span class='ocrx_word' id='word_1_301' title='bbox 545 3822 662 3886; x_wconf 85' lang='lat' dir='ltr'>Nonne·</span> <span class='ocrx_word' id='word_1_302' title='bbox 676 3824 778 3902; x_wconf 79' lang='lat' dir='ltr'>legisti</span> <span class='ocrx_word' id='word_1_303' title='bbox 798 3821 886 3904; x_wconf 85' lang='lat' dir='ltr'>apud¹</span> <span class='ocrx_word' id='word_1_304' title='bbox 903 3823 1101 3884; x_wconf 80' lang='lat' dir='ltr'>Galenutn:</span> <span class='ocrx_word' id='word_1_305' title='bbox 1123 3817 1339 3885; x_wconf 84' lang='lat' dir='ltr'>difficillimum</span> 
     </span>
     <span class='ocr_line' id='line_1_36' title="bbox 196 3898 1399 4017; baseline -0.007 -29"><span class='ocrx_word' id='word_1_306' title='bbox 196 3934 239 3988; x_wconf 88' lang='lat' dir='ltr'>est</span> <span class='ocrx_word' id='word_1_307' title='bbox 260 3924 409 4002; x_wconf 83' lang='lat' dir='ltr'>invenire,</span> <span class='ocrx_word' id='word_1_308' title='bbox 427 3923 512 4008; x_wconf 88' lang='lat' dir='ltr'>quod</span> <span class='ocrx_word' id='word_1_309' title='bbox 533 3923 702 4007; x_wconf 76' lang='lat' dir='ltr'>plurimum</span> <span class='ocrx_word' id='word_1_310' title='bbox 722 3925 836 4006; x_wconf 82' lang='lat' dir='ltr'>prosit,</span> <span class='ocrx_word' id='word_1_311' title='bbox 858 3924 943 3987; x_wconf 83' lang='lat' dir='ltr'>obsit</span> <span class='ocrx_word' id='word_1_312' title='bbox 959 3935 1061 3993; x_wconf 81' lang='lat' dir='ltr'>autem</span> <span class='ocrx_word' id='word_1_313' title='bbox 1084 3918 1189 3983; x_wconf 81' lang='lat' dir='ltr'>nibil?</span> <span class='ocrx_word' id='word_1_314' title='bbox 1390 3898 1399 4017; x_wconf 60' lang='lat' dir='ltr'>i</span> 
     </span>
    </p>

    <p class='ocr_par' dir='ltr' id='par_1_5' title="bbox 269 4040 1211 4112">
     <span class='ocr_line' id='line_1_37' title="bbox 269 4040 1211 4112; baseline 0.001 -18"><span class='ocrx_word' id='word_1_315' title='bbox 269 4042 378 4106; x_wconf 86' lang='lat' dir='ltr'>(ibidem</span> <span class='ocrx_word' id='word_1_316' title='bbox 396 4043 430 4097; x_wconf 78' lang='lat' dir='ltr'>P.</span> <span class='ocrx_word' id='word_1_317' title='bbox 448 4047 481 4098; x_wconf 91' lang='lat' dir='ltr'>ll.</span> <span class='ocrx_word' id='word_1_318' title='bbox 501 4062 522 4097; x_wconf 88' lang='lat' dir='ltr'>c.</span> <span class='ocrx_word' id='word_1_319' title='bbox 541 4048 596 4112; x_wconf 75' lang='lat'><strong>15.)</strong></span> <span class='ocrx_word' id='word_1_320' title='bbox 1207 4040 1211 4045; x_wconf 74' lang='grc'>’</span> 
     </span>
    </p>
   </div>
   <div class='ocr_carea' id='block_1_3' title="bbox 582 4145 1241 4265">
    <p class='ocr_par' dir='ltr' id='par_1_6' title="bbox 582 4145 1241 4265">
     <span class='ocr_line' id='line_1_38' title="bbox 582 4145 1241 4205; baseline 0 -2"><span class='ocrx_word' id='word_1_321' title='bbox 582 4168 597 4203; x_wconf 78' lang='lat' dir='ltr'>s</span> <span class='ocrx_word' id='word_1_322' title='bbox 946 4146 1067 4205; x_wconf 49' lang='grc' dir='ltr'>ιν*</span> <span class='ocrx_word' id='word_1_323' title='bbox 1180 4145 1241 4171; x_wconf 77' lang='grc'>·’</span> 
     </span>
     <span class='ocr_line' id='line_1_39' title="bbox 631 4213 1088 4265; baseline -0.007 0"><span class='ocrx_word' id='word_1_324' title='bbox 631 4251 647 4265; x_wconf 90' lang='grc'>.’</span> <span class='ocrx_word' id='word_1_325' title='bbox 764 4213 841 4259; x_wconf 71' lang='grc'>*’</span> <span class='ocrx_word' id='word_1_326' title='bbox 1084 4230 1088 4237; x_wconf 53' lang='grc' dir='ltr'>Ι</span> 
     </span>
    </p>
   </div>
   <div class='ocr_carea' id='block_1_4' title="bbox 93 4272 1347 4407">
    <p class='ocr_par' dir='ltr' id='par_1_7' title="bbox 93 4272 1347 4407">
     <span class='ocr_line' id='line_1_40' title="bbox 93 4272 1347 4407; baseline 0.006 -30"><span class='ocrx_word' id='word_1_327' title='bbox 93 4327 164 4380; x_wconf 74' lang='lat' dir='ltr'>tltt&#39;t</span> <span class='ocrx_word' id='word_1_328' title='bbox 285 4320 328 4381; x_wconf 63' lang='grc' dir='ltr'>Ιι.ς</span> <span class='ocrx_word' id='word_1_329' title='bbox 341 4352 344 4356; x_wconf 96' lang='grc'>-</span> <span class='ocrx_word' id='word_1_330' title='bbox 357 4319 457 4387; x_wconf 81' lang='lat' dir='ltr'>Valde</span> <span class='ocrx_word' id='word_1_331' title='bbox 480 4325 576 4387; x_wconf 81' lang='lat' dir='ltr'>multa</span> <span class='ocrx_word' id='word_1_332' title='bbox 606 4319 740 4404; x_wconf 81' lang='lat' dir='ltr'>denique</span> <span class='ocrx_word' id='word_1_333' title='bbox 768 4274 983 4400; x_wconf 63' lang='lat' dir='ltr'>exoogitantiitz</span> <span class='ocrx_word' id='word_1_334' title='bbox 1000 4276 1100 4407; x_wconf 60' lang='lat' dir='ltr'>usqne</span> <span class='ocrx_word' id='word_1_335' title='bbox 1120 4272 1238 4400; x_wconf 77' lang='lat' dir='ltr'>hotiia,</span> <span class='ocrx_word' id='word_1_336' title='bbox 1256 4341 1347 4385; x_wconf 81' lang='lat' dir='ltr'>nun·</span> 
     </span>
    </p>
   </div>
   <div class='ocr_carea' id='block_1_5' title="bbox 0 0 1441 4800">
    <p class='ocr_par' dir='ltr' id='par_1_8' title="bbox 0 0 1441 4800">
     <span class='ocr_line' id='line_1_41' title="bbox 0 0 1441 4800; baseline 0 0"><span class='ocrx_word' id='word_1_337' title='bbox 0 0 1441 4800; x_wconf 95' lang='lat' dir='ltr'> </span> 
     </span>
    </p>
   </div>
  </div>
 </body>
</html>
