2806 4800
590 287 591 291 ’
654 263 730 337 245

126 457 237 539 gntrm!
262 458 365 531 Dicat,
387 476 517 537 quaeso,
538 468 567 516 et
589 455 728 530 obiiciat,
749 456 775 515 si
794 453 889 528 libet,
912 456 960 514 vel
982 451 1189 529 sacrilegium,
1213 454 1269 511 lto·

125 561 300 634 micidium,
320 560 417 632 furta,
445 559 567 636 rapinas
591 561 639 620 ttel
660 559 709 619 his
731 554 854 618 tetrius!
889 553 980 616 Addo
998 550 1088 615 etiam
1111 553 1269 614 detractio-

125 667 174 725 nis
197 664 322 736 vitium,
351 680 415 742 quo
442 661 619 736 infantiam,
648 658 898 734 adolescentiam,
927 657 1115 720 inventutem
1146 673 1268 715 omnem

125 767 187 843 egit
208 777 237 824 et
257 763 411 843 reliquum
434 762 539 823 aetatis
563 773 685 823 acturus
707 773 767 837 est,
796 762 881 821 nulla
909 762 959 822 vel
988 759 1064 820 coeli
1094 759 1143 820 uel
1172 767 1270 815 terrae

125 865 295 928 reverentia
314 865 428 924 habita.
479 864 591 924 Nonne
622 863 757 943 perfidae
787 850 911 942 linguae
939 883 1047 941 magna
1079 855 1270 938 turpitudine

127 968 176 1027 sui
193 985 306 1045 poenas
326 963 492 1046 aliquando
514 962 620 1025 dedit?
664 966 747 1026 Haec
769 967 824 1046 qui
845 984 896 1024 ma
914 963 1027 1041 lingere
1057 982 1111 1022 seu
1128 957 1269 1021 incendio

125 1066 259 1129 invidiae
272 1066 370 1128 dicere
385 1080 482 1146 pietat,
503 1079 639 1127 actorum
654 1065 780 1143 codices,
800 1086 879 1148 quos
900 1063 1013 1138 dicunt,
1034 1075 1149 1123 vestros
1169 1064 1270 1124 revol-

126 1184 187 1233 vat.
228 1172 293 1250 Ego
314 1172 450 1250 prolecto
472 1161 627 1253 (quamvis
646 1167 790 1230 laudibus
812 1170 923 1230 vehere
947 1187 994 1226 me
1018 1161 1133 1241 videar)
1156 1166 1271 1246 quibus

126 1274 191 1334 vixi
212 1271 295 1352 apud
318 1292 372 1333 vos
401 1272 559 1348 moribus,
586 1273 700 1353 quibus
728 1269 939 1345 incommodo,
970 1269 1083 1350 quibus
1116 1267 1271 1327 molestiae

126 1386 158 1434 st
186 1374 297 1436 damno
326 1387 448 1454 practer
480 1394 613 1457 aequum
645 1375 708 1450 sui,
742 1387 877 1436 rastrum
907 1376 945 1435 sit
974 1374 1054 1432 ferre
1079 1371 1269 1432 sententiam.

124 1475 174 1537 ad
202 1474 368 1538 secundum
395 1476 505 1554 renio,
538 1478 592 1538 ubi
622 1478 841 1540 inconstantiae
877 1478 1010 1539 accusari
1042 1474 1268 1537 meritissimum

124 1596 232 1662 potest.
274 1586 309 1644 ln
329 1604 469 1645 meorum
482 1586 588 1645 robur
610 1606 672 1646 non
689 1588 822 1648 aliorum
834 1607 926 1668 quam
948 1583 1134 1646 medicorum
1157 1592 1185 1639 el
1208 1597 1268 1636 non

89 1752 90 1757 η
125 1687 185 1746 nisi
204 1687 350 1762 illorum,
369 1688 426 1768 qui
447 1688 640 1766 astrologiam
662 1691 774 1766 oleant,
795 1689 1008 1751 sententias-et
1029 1683 1200 1748 testimonia
1216 1678 1270 1740 ad-

126 1790 245 1848 mittere
265 1802 295 1850 et
317 1810 427 1867 cupere
448 1792 528 1852 velle
548 1790 686 1870 videtur3
709 1814 764 1854 nee
784 1812 856 1854 sana
877 1789 1062 1854 absurdum:
1085 1786 1136 1849 sed
1159 1806 1194 1846 ea
1216 1780 1270 1843 de-

125 1887 256 1949 siderata
277 1909 331 1948 sua
352 1889 379 1949 si
399 1889 512 1965 affero,
542 1911 604 1951 non
625 1913 709 1952 secus
739 1915 774 1953 ac
804 1914 928 1971 vespam
961 1905 1050 1971 caput
1078 1890 1268 1949 infestantem

125 1992 247 2071 repellit
266 2012 301 2051 ac
319 1990 430 2069 abigit,
454 1989 548 2052 modo
566 1993 637 2052 illos
658 2013 713 2053 sna
735 1994 927 2071 expositione
950 1995 998 2054 vel
1019 1988 1200 2054 invertendo
1220 1989 1270 2047 uel

125 2113 287 2173 perperam
317 2090 489 2170 allegando.
541 2095 660 2170 Tertio,
684 2095 804 2175 quoin
825 2113 874 2154 me
894 2095 1050 2169 abutitur,
1072 2095 1157 2152 Deus
1179 2092 1270 2162 bone,

126 2195 203 2276 quid
224 2193 355 2268 vanius?
380 2196 633 2276 Erroresplures,
653 2219 788 2279 quam-a
807 2218 839 2259 ss
859 2196 1069 2277 processerint,
1091 2191 1271 2255 confinxisse
1326 2220 1329 2224 ·

127 2319 175 2358 me
196 2300 291 2376 garrit
321 2312 351 2361 et
373 2311 407 2360 ut
427 2299 496 2360 aliis
517 2301 582 2360 eius
602 2301 723 2362 sceleris
742 2299 834 2361 fidem
862 2300 1004 2374 incutiat,
1033 2295 1159 2359 callidus
1188 2292 1271 2367 dicit,

126 2421 157 2460 se
181 2404 320 2463 consulto
341 2401 506 2481 praeterire
516 2403 595 2479 illos,
619 2424 681 2465 non
703 2403 788 2466 aliud
808 2416 930 2483 praeter
945 2401 1123 2464 diverticula
1140 2412 1168 2460 et
1182 2396 1270 2474 fugae

125 2504 205 2564 viam
235 2524 395 2585 quaerens.
453 2501 544 2578 Quod
574 2507 601 2566 si
621 2507 648 2567 is
674 2505 808 2568 invidiae
830 2519 860 2567 ct
889 2503 1039 2565 mendacii
1067 2502 1270 2583 suspicionem

126 2605 221 2666 vitare
243 2607 405 2683 voluisset,
427 2608 536 2688 utique
557 2608 693 2685 singulos
716 2631 852 2683 errores,
890 2628 969 2688 quos
998 2608 1057 2667 sibi
1085 2607 1160 2667 falso
1182 2626 1199 2663 a
1222 2622 1270 2660 me

125 2710 235 2768 ascribi
254 2711 392 2788 putavit,
411 2710 594 2770 nominatim
615 2713 807 2789 appellasset.
850 2709 922 2772 ldeo
941 2730 1079 2770 mancum
1102 2710 1161 2768 hoc
1181 2723 1269 2766 sutun

126 2814 329 2872 commenticii
355 2814 560 2874 velamentum
587 2827 616 2876 et
644 2816 710 2874 sine
739 2816 855 2877 virtute
884 2826 937 2875 est.
995 2810 1080 2886 Quas
1112 2800 1214 2873 ninia
1245 2807 1271 2867 s'i

127 2910 368 2973 animadvertere
386 2914 561 2989 volueritis,
583 2916 680 2992 lacile,
703 2937 767 2997 quo
788 2935 843 2976 vos
866 2935 936 2993 erga
955 2916 1043 2974 illum
1065 2924 1184 2991 oportet
1206 2929 1270 2969 esse

126 3012 239 3087 animo,
258 3011 441 3074 iudicabitis.
482 3014 738 3078 Animadvertetis
753 3031 855 3078 autem
877 3016 978 3090 lacile,
1001 3016 1082 3074 siin
1103 3032 1151 3070 me
1173 3011 1271 3069 statilia

127 3115 192 3175 eius
203 3116 315 3195 scripta
328 3115 437 3194 grandi
454 3116 579 3198 quidem
596 3132 624 3179 et
637 3119 773 3178 censorio
787 3110 911 3193 calamo,
928 3129 1045 3176 nostras
1062 3133 1134 3174 vero
1145 3130 1271 3188 respon·

125 3216 225 3276 aiones
254 3218 372 3279 minuta
393 3217 527 3300 quadam
558 3220 685 3278 insertas
714 3219 913 3296 perlegeritis.
957 3215 1132 3292 Intelligetis
1156 3213 1272 3293 quippe

127 3338 144 3373 a
167 3335 215 3375 me
237 3317 315 3374 nihil
340 3338 501 3395 perperam
524 3331 577 3378 aut
597 3317 750 3395 captiose,
782 3318 835 3380 sed
858 3339 915 3398 pro
937 3316 1112 3378 defensione
1145 3313 1271 3375 honoris

126 3416 187 3475 snei
205 3417 308 3476 oninia
327 3416 443 3496 oppido
464 3439 557 3499 quam
574 3433 747 3499 opportune
769 3421 888 3500 scripta.
931 3421 1048 3481 Valete.

213 3601 261 3664 Ad
285 3601 498 3684 superadditos
528 3604 623 3682 igitur
650 3619 680 3668 et
709 3603 851 3686 duplatos
873 3627 990 3670 errores
1011 3607 1139 3668 Sinonis
1162 3605 1271 3665 Prsro·

126 3728 179 3768 ass,
203 3709 236 3766 in
272 3706 437 3786 medicina,
479 3729 559 3791 qnos
597 3709 674 3773 circa
709 3714 931 3774 conclusionem
964 3713 1095 3791 primam
1125 3707 1271 3768 aduersus

126 3813 327 3873 Leontcruuas
347 3810 386 3873 de
407 3833 489 3874 novo
509 3814 695 3892 peccaverit,
727 3835 745 3873 a
765 3816 924 3892 prioribus
945 3812 1115 3886 ordientes,
1144 3809 1269 3869 strictim

127 3913 173 3972 illi
197 3914 462 3993 respondebimus.
484 3911 490 3915 ’
516 3915 577 3978 Sed
599 3917 687 3996 prius
715 3919 824 3976 titulum
852 3929 881 3978 et
901 3917 1104 3997 praefationem
1129 3909 1271 3970 discutie-

128 4035 205 4076 mus.
247 4018 308 4099 (Cf.
330 4019 386 4095 Xl,
407 4041 437 4098 p.
451 4013 540 4099 219.)
860 4085 862 4088 y
1263 4027 1266 4031 ’

213 4120 373 4198 Consumtis
393 4133 450 4182 etc.
468 4157 511 4166 -
547 4117 650 4194 ,Quasi
681 4141 720 4180 ex
742 4121 800 4181 hoc
821 4119 921 4180 statim
943 4119 1079 4178 aninunn
1102 4131 1187 4178 tuusn
1219 4116 1272 4178 de·

126 4231 294 4295 monstras,
323 4224 378 4302 qui
402 4220 535 4284 veritatis
558 4243 678 4302 semper
707 4223 801 4284 fueris
822 4219 1030 4284 odiosissimus
1051 4233 1079 4282 et
1102 4221 1273 4282 conisuator
1307 4252 1309 4255 v

126 4319 435 4387 rnaledicentissisnus.
1100 4342 1103 4347 '
