2806 4800
577 262 692 340 Ι67

90 468 138 515 tae
169 451 338 534 praedones
368 463 398 514 et
427 451 660 534 depopulatores
692 453 814 536 gladio,
851 479 954 533 cruce,
994 459 1238 542 conflagratione,

89 561 300 621 submersione
321 554 494 621 afficiendae
515 569 545 620 et
565 580 582 618 a
605 559 797 636 civitatibur,
830 562 917 641 pagir
939 573 969 624 et
996 563 1116 628 amium
1137 571 1240 628 omni·

91 662 149 724 bur
170 663 239 727 aliia
262 661 456 724 atrocissimis
476 661 584 740 poenis
605 659 803 726 deterrendos
824 684 898 727 erre.

176 763 467 838 verumenimvero,
498 776 686 844 torparcente
710 767 771 828 iam
792 767 967 848 principum
986 769 1102 832 iuatitia
1124 783 1153 833 et
1174 791 1237 833 ma·

92 866 210 930 diciu'ae
234 867 441 947 prolerrorum
460 866 583 928 rolertia
603 866 731 929 iniuriae
753 881 923 949 spectante,
959 871 1043 933 rohm
1068 891 1237 952 paucorum

91 968 264 1048 rapientum
292 964 431 1030 rubridio
451 967 547 1028 fretur
576 966 767 1031 medicinalia
795 990 897 1047 arma,
927 992 1060 1052 quormn
1090 976 1238 1056 pleraque

93 1091 134 1131 ex
155 1068 400 1150 proprii-ingenti
412 1080 450 1131 <ct
471 1068 676 1148 experientiae
690 1072 807 1134 rcriuiir
824 1070 1006 1153 deprompta
1025 1087 1108 1150 runt,
1127 1073 1236 1138 adver·

93 1191 145 1232 aur
165 1170 370 1250 saepefatum
392 1171 512 1232 hortem
534 1171 694 1247 exercebo,
718 1184 752 1234 ut
773 1172 916 1235 alllictam
937 1174 1160 1236 humanitatem
1174 1196 1237 1238 nou

93 1273 193 1335 rolum
214 1294 255 1335 ex
277 1273 342 1346 eiur
362 1273 501 1335 faucibus
508 1315 518 1349 ,
545 1269 599 1334 red
620 1274 711 1339 etiam
744 1295 785 1337 ex
812 1275 950 1336 omnium
972 1273 1188 1356 deceptionum
1207 1291 1239 1340 et

93 1371 237 1437 iraudum
257 1375 384 1438 flumine
400 1376 549 1444 laieorum
577 1371 763 1439 medieorum
793 1377 932 1457 eripiam.
985 1374 1048 1440 Sed
1074 1391 1239 1460 antequam

93 1497 227 1559 pugnam
248 1475 423 1556 aggrediar,
457 1477 581 1540 hostilia
611 1480 678 1540 loca
698 1480 787 1543 certia
818 1479 1057 1560 oppugnationis
1079 1479 1240 1559 praeridiir

94 1577 349 1643 circumvallanda
381 1591 412 1642 et
431 1579 464 1643 in
485 1579 543 1643 hir'
556 1581 694 1660 partibus
709 1579 859 1645 validiori
891 1581 1062 1644 munitione
1089 1582 1240 1649 maante

93 1693 183 1756 runt,
204 1681 319 1763 quibua
338 1683 429 1762 plura
449 1679 601 1745 dolorum·
612 1684 748 1763 pericula
768 1684 962 1758 incumbunt,
984 1679 1069 1764 quud
1090 1683 1169 1747 circa
1185 1705 1240 1764 gre

96 1782 287 1856 uitalia-ubi
306 1794 379 1845 ruat
399 1802 546 1847 venarum
567 1784 733 1863 coussuger,
754 1785 918 1864 praecipue
938 1785 1096 1862 contingit.
1133 1781 1238 1858 Ouum

97 1894 177 1944 certe
199 1882 251 1942 hic
266 1883 336 1961 ipre
355 1884 481 1945 morbur
493 1884 559 1945 toti
579 1887 719 1964 corpori,
740 1887 883 1949 oumibur
902 1899 931 1949 et
942 1887 1072 1965 cingulis
1093 1890 1240 1953 membris

95 1985 223 2046 insertur
253 1994 323 2059 ert,
340 1995 424 2059 tum,
451 1984 599 2064 inquam,
631 1985 755 2062 genitali
776 1987 931 2062 membro,
963 1984 1050 2068 quod
1079 1987 1201 2052 inviro
1221 2013 1241 2053 a

94 2087 233 2167 probatis
253 2086 428 2148 auctoribue
445 2086 584 2147 mentula
605 2085 771 2162 vocitatur,
789 2087 1021 2147 molestissimus
1047 2087 1166 2165 exirtit3
1191 2090 1240 2151 id·.
1318 2144 1322 2151 ι

96 2190 193 2265 circo,
214 2187 288 2269 quia
309 2200 338 2250 et
360 2187 468 2250 Graeci
488 2185 696 2267 aegritudines
717 2189 757 2249 ab
785 2189 1146 2270 iir,rn,embrla,..quibur
1165 2192 1241 2259 inci·

95 2291 185 2372 piunt
206 2295 255 2355 vel
275 2287 428 2353 laedentes
445 2291 594 2353 humores
615 2293 768 2372 copioriur
788 2291 976 2366 eonlluuut,¹
991 2291 1168 2372 frequenter
1184 2312 1241 2355 no-

96 2399 306 2470 minaverunt,
318 2406 362 2455 >ut
382 2405 570 2471 mentagram
581 2436 590 2469 ,
610 2391 790 2475 podagram,
810 2394 991 2472 alumenu,
1013 2407 1042 2455 ct
1062 2394 1120 2479 iata
1139 2413 1242 2457 acerra

98 2498 233 2561 crebriur
252 2498 285 2559 iu
307 2497 444 2559 mentula
463 2498 621 2574 exoritur,
651 2520 733 2580 quae
753 2500 844 2576 longe
867 2499 957 2561 ctiam
986 2499 1117 2567 atrocior
1144 2518 1241 2578 quam

97 2613 194 2663 cetera
220 2599 357 2661 membra
378 2599 418 2661 ab
436 2618 475 2660 ea
495 2612 674 2683 torquetur,
705 2621 771 2665 non
790 2601 894 2680 inepta
913 2599 1152 2683 mentulagram,
1181 2602 1243 2664 hoc

98 2716 142 2767 ert
163 2704 315 2767 rrrrntulre
330 2699 487 2780 dolorem,
512 2704 744 2784 appellaverhm
856 2748 860 2763 .

176 2807 228 2869 lirt
238 2818 495 2884 autem-magnum
509 2819 538 2869 et
548 2808 965 2888 mrptumpropugnaeulum
978 2825 1014 2872 eo
1026 2801 1118 2867 modo
1129 2807 1242 2871 consti·

98 2907 264 2984 tuendum,
295 2920 331 2971 ut
364 2921 462 2972 tutum
493 2930 630 2990 corpur,¹
650 2912 773 2993 inquo
793 2912 921 2973 morbue
940 2909 1140 2973 atrocitatem·
1154 2928 1242 2971 eriam

99 3023 234 3086 exercet,
251 3011 333 3073 intra
353 3030 387 3072 re
408 3012 535 3092 recipiat
557 3013 659 3095 aitque
682 3015 768 3076 onrni
786 3025 873 3092 puta
896 3024 1007 3073 tectum
1029 3023 1060 3081 et
1078 3011 1242 3085 integrum,

99 3137 138 3176 ne
157 3115 209 3176 vel
230 3111 353 3192 pluviae
380 3111 529 3190 incidere,
548 3118 599 3178 vel
611 3118 702 3179 >venti
723 3115 875 3194 inspirare
894 3113 1034 3190 poesim,
1052 3111 1099 3171 uti
1117 3108 1242 3171 rudeto·

97 3217 180 3279 rium
208 3212 254 3276 ad
291 3215 371 3276 lianc
396 3236 481 3291 rem,
518 3218 545 3278 ri
580 3217 757 3295 praesertim
792 3211 939 3275 mediocri
969 3211 1163 3274 calefactione
1193 3211 1243 3270 in·

98 3328 245 3383 structum
257 3316 360 3390 fuerit,
381 3318 460 3377 nihil
473 3318 703 3379 convenientior
726 3329 756 3378 et
777 3315 882 3377 utilius
907 3333 970 3375 erre
990 3324 1100 3392 potrrt,
1121 3330 1161 3382 err
1178 3332 1243 3394 quo

98 3416 320 3484 medicinarum
338 3417 498 3477 machinae
519 3418 675 3498 aptirrime
690 3418 726 3479 in
748 3435 859 3496 corpur
875 3416 1016 3496 torqueri
1036 3426 1167 3496 queunt,
1189 3434 1244 3477 ur·

99 3542 161 3603 que
172 3517 246 3583 tolie
265 3518 389 3593 ealcrer,
410 3538 511 3599 neque
533 3533 692 3587 ventorum
706 3521 795 3590 llatur
813 3516 942 3583 adverra
955 3517 1119 3583 accidentia
1138 3515 1243 3580 admo·

99 3635 180 3688 veut.
223 3623 389 3702 Postquam
416 3623 512 3701 igitur
526 3636 672 3702 ,aegrotae
693 3637 738 3686 ert
765 3625 825 3685 hoc
842 3623 910 3702 ipro
931 3621 1162 3703 propugnaculo
1185 3620 1244 3680 cir·

99 3725 316 3799 cumvallatur,
336 3724 369 3785 in
392 3723 490 3794 calido
512 3724 669 3791 sudatoria
689 3728 841 3801 inclurur,
872 3746 911 3787 ex
939 3723 1088 3805 disposito
1117 3721 1244 3785 inuidia·

98 3845 168 3888 rum
189 3826 306 3904 rpicula
329 3826 470 3904 expromi
491 3839 520 3889 et
537 3828 570 3887 iu
594 3847 659 3888 eam
682 3828 828 3906 corporis.
842 3839 960 3906 partem
974 3824 1105 3887 immitti
1123 3823 1245 3896 debent,

99 3929 155 3991 ubi
176 3925 368 3989 adversarior
388 3927 498 3989 fortior
513 3940 544 3989 et
564 3930 719 4007 potentior
740 3928 861 4003 cxirtit,
893 3924 988 4006 quud,
1000 3927 1034 3987 iu
1056 3927 1167 4002 hepate
1187 3944 1245 4003 po·-

98 4031 250 4093 tieaimum
270 4029 417 4106 contingit
427 4049 451 4096 a,
468 4027 540 4101 iude
570 4027 714 4109 equidem
746 4047 851 4099 omuer
881 4029 947 4091 eiua
975 4026 1057 4097 ¹viror
1087 4022 1245 4091 adcelera

99 4131 238 4199 membra
256 4133 394 4194 effluunt.
429 4129 654 4207 ,Quamobrem
671 4131 791 4210 hepatia
805 4143 912 4209 portae
932 4129 1034 4207 primo
1049 4129 1175 4207 avalprir
1195 4130 1245 4194 iu·.

100 4231 291 4308 fungantur,
315 4234 375 4305 hoc
395 4246 465 4308 ert,
489 4231 651 4306 veoae‘rd
682 4235 779 4312 hepar
804 4234 965 4300 attinentur
984 4227 1175 4302 incidantur,
1205 4249 1245 4295 ex

101 4331 550 4415 quarumiuririflrmmimur
571 4335 698 4413 sanguia
713 4335 847 4403 multum
868 4334 969 4403 nocivi
990 4331 1130 4395 humorir
1144 4347 1245 4390 recum

889 4444 931 4505 5*
