2806 4800
720 231 768 303 62

181 420 350 496 violentiae,
372 419 581 482 iusiurandum
602 417 712 495 fraudi,
732 420 900 480 innocentia
922 422 1036 500 culpae,
1055 421 1211 500 fortitudo,
1232 437 1308 487 tam·
1348 478 1351 485 .

180 525 317 604 perantia
339 537 367 586 et
387 545 491 587 omnes
512 526 588 585 aliae
608 525 735 585 virtutes
764 523 929 585 contemtui
950 520 1015 584 dari
1036 528 1141 588 solent.
1196 525 1230 588 ld
1258 546 1308 591 so·

179 632 245 690 lum
265 624 348 707 apud
371 629 467 689 nostri
486 629 553 690 aevi
574 628 711 690 homiues
731 629 857 704 bonum,
879 639 992 688 rectum
1014 629 1238 712 honestumque
1253 643 1308 706 est,

180 729 264 814 quod
283 742 430 810 perpetuo
450 751 517 791 cum
539 731 672 792 bonitate
700 744 730 792 et
750 730 905 794 honestate
925 745 1055 810 pugnat,
1088 753 1144 794 nac
1172 734 1308 795 mortalit

179 837 302 898 caecitas
321 837 451 897 metitum
474 833 615 896 formidat
634 836 705 896 istas
725 854 891 914 poenarum
911 836 1128 913 turbulentias,
1148 856 1225 918 quas
1243 856 1309 898 nse·

178 940 260 1002 lestis
280 959 405 1018 parens,
426 950 487 998 tam
509 940 667 1000 ‘clementer
687 939 845 1014 hactenus,
864 950 992 1018 propter
1013 939 1087 1000 haec
1106 940 1174 1021 ipsa
1193 940 1309 1018 flagitia

179 1043 239 1105 sibi
258 1041 380 1103 inflixit.

263 1144 381 1208 Novam
400 1143 494 1220 igitur
516 1145 675 1223 perniciem
697 1145 830 1220 incussit,
851 1143 935 1205 cuius
955 1155 999 1204 est
1018 1155 1100 1204 tauta
1118 1144 1309 1222 truculentia,
1358 1149 1361 1152 ⁴

179 1262 230 1326 ut,
251 1248 277 1310 si
297 1269 332 1309 ea
356 1266 417 1308 non
435 1247 590 1326 resipiscat
608 1249 776 1330 tetriorque
791 1249 856 1308 lues
878 1259 1031 1328 sequatur,
1050 1243 1089 1306 de
1109 1259 1173 1307 toto
1192 1246 1308 1310 mundo

178 1365 277 1414 actum
300 1371 361 1411 esse
381 1348 508 1410 iudicari
529 1351 632 1429 possit.
681 1353 721 1412 At
750 1352 777 1412 si
804 1352 872 1433 quis
902 1352 961 1411 hoc
980 1349 1107 1410 inficiari
1133 1351 1242 1426 vellet,
1273 1353 1308 1415 in

178 1467 322 1538 promptu
344 1454 468 1514 habebit
487 1467 714 1532 argumentum,
735 1475 797 1536 quo
826 1456 854 1515 ei
882 1467 1064 1515 accineretur.
1107 1451 1310 1532 Superiorum

180 1560 333 1620 enimvero
352 1561 539 1619 saeculorum
560 1560 679 1619 nullum
700 1557 818 1619 fuit-ita
836 1578 958 1637 purum,
979 1558 1129 1634 integrum
1151 1569 1181 1617 at
1194 1557 1308 1618 imma·

179 1660 428 1743 cariatum,.quod
452 1663 587 1723 immune
608 1657 796 1722 remansisset
821 1663 859 1720 ab
880 1658 1094 1722 adversitatum
1116 1672 1146 1722 et
1169 1659 1308 1722 afflictio·

178 1788 253 1827 trram
284 1763 497 1839 incommodis,
534 1777 563 1826 et
594 1766 654 1825 illis
682 1766 908 1844 tempestatibus
940 1783 1111 1825 communes
1139 1764 1309 1844 fragilitatis

179 1887 325 1941 excessere,
346 1866 521 1940 insolentia,
541 1866 634 1926 nimia
657 1867 851 1945 pecuniarum
874 1864 1035 1945 cupiditas,
1055 1865 1201 1942 luxuria,
1217 1869 1308 1942 livor,

178 1971 305 2050 singulis
334 1969 440 2049 poenis
474 1971 521 2030 uel
555 1966 696 2044 diluviis,
733 1969 1033 2046 conflagrationibus,
1064 1972 1246 2034 locustarum
1277 1983 1308 2031 et

175 2077 412 2137 ichneumonum
434 2068 600 2147 morsibus,
630 2073 679 2133 vel
700 2072 795 2148 fame,
827 2069 910 2131 clade
942 2085 970 2133 et
988 2074 1159 2152 pestilentia
1191 2074 1305 2154 expiati

177 2190 257 2240 sunt.
308 2178 371 2236 lam
398 2188 498 2236 autem
526 2188 628 2237 nostra
657 2172 763 2236 delicta
784 2195 845 2235 non
866 2178 965 2236 solnm
988 2177 1036 2238 liis
1056 2178 1194 2256 flagellis,
1223 2196 1304 2258 miae

178 2281 279 2344 omnia
300 2279 390 2338 simul
411 2297 472 2336 uuo
491 2290 646 2336 nomento
668 2277 700 2334 in
724 2296 779 2336 uos
800 2291 984 2354 grassantur,
1007 2278 1058 2340 sed
1080 2283 1169 2360 longe
1187 2281 1306 2342 saevio·

177 2385 263 2444 ribus
285 2381 412 2441 miseriis
429 2393 458 2440 et
478 2381 629 2440 aerumnis
647 2380 816 2458 expiantur.
861 2379 962 2454 Quare
979 2387 1144 2447 necessario
1157 2382 1307 2467 sequitur,

178 2499 214 2548 ut
234 2485 295 2546 vita
317 2493 419 2542 nostra
438 2483 476 2542 sit
497 2479 725 2542 nefandioribus
741 2483 823 2545 vitiis
844 2505 936 2565 quam
960 2487 1109 2547 maiorum
1132 2502 1307 2550 nostrorum

178 2587 408 2659 commaculata,
430 2581 548 2644 foedata
569 2597 599 2645 et
620 2582 799 2665 deprauata;
832 2599 1065 2669 propterquam
1089 2589 1217 2671 quidem·
1235 2612 1307 2671 pra·

176 2695 299 2756 uitatem
330 2691 389 2751 hoc
418 2687 518 2750 dirum
549 2692 663 2750 malum
693 2703 722 2752 et
752 2691 888 2753 omnium
918 2692 1186 2754 horribilissimam
1217 2695 1307 2756 nobis

176 2799 356 2878 impressum
377 2806 430 2855 est.

261 2901 361 2962 Nemo
382 2911 481 2959 tamen
503 2898 616 2960 inficias
636 2900 706 2974 ibit,
734 2896 818 2981 quod
838 2895 969 2960 secundo
998 2899 1189 2963 inferendum
1218 2899 1306 2975 dccxi,

176 3017 314 3066 naturam
328 3015 365 3064 'et
384 3004 458 3083 ipsa·
470 3000 569 3064 sidera
589 3004 622 3063 in
643 3004 768 3064 huiusce
787 3005 860 3063 mali
880 3002 1087 3082 procreatione
1111 3007 1306 3082 concurrisse,

177 3111 250 3195 quia
270 3111 464 3170 erraticarum
480 3110 632 3169 stellarum
647 3125 830 3186 ⁴congressus
851 3118 920 3166 sunt
940 3107 1108 3184 ingentium
1130 3109 1305 3170 ethorribi·

174 3217 252 3276 lium
267 3234 392 3293 operum
414 3213 586 3286 effectores,
615 3231 773 3293 quumque
794 3211 904 3270 exactis
926 3210 1013 3270 annia
1032 3209 1182 3294 quaedam
1199 3213 1307 3275 insoli-

175 3331 223 3380 tae
244 3318 465 3377 coniunctiones
486 3313 673 3389 acciderunt,
706 3326 735 3375 et
757 3313 928 3373 humanitas
948 3315 1054 3391 paullo
1084 3328 1155 3377 ante
1174 3315 1207 3376 in
1227 3318 1306 3378 silva

174 3419 316 3492 asseruit,
335 3439 367 3478 se
389 3418 525 3479 Sursum
547 3431 575 3478 et
594 3419 678 3478 Iouis
700 3417 812 3478 coitum
833 3417 865 3475 in
885 3417 1043 3496 scorpione
1058 3419 1187 3495 timere,
1213 3422 1305 3499 plana

175 3517 446 3602 argumentandum
468 3532 525 3594 est,
547 3517 672 3579 eandem
693 3520 948 3581 constellationem
969 3520 1126 3582 materiam
1140 3520 1184 3580 ad
1203 3523 1303 3580 minus

174 3642 377 3708 praeparasse.
418 3623 526 3697 Haec,
554 3621 698 3704 inquam,
726 3635 770 3684 est
789 3622 871 3702 apud
893 3645 996 3686 omnes
1017 3637 1164 3685 astrorum
1186 3622 1299 3699 peritos

174 3732 244 3794 trita
265 3730 447 3807 vulgataque
469 3726 590 3805 opinio,
610 3723 693 3808 quod
714 3728 837 3787 lusanae.
858 3727 899 3787 sit·
915 3738 1057 3807 parens,‘
1074 3735 1157 3783 tutor
1176 3732 1208 3782 et
1226 3741 1298 3781 con·

174 3846 310 3898 seruator
331 3831 411 3913 (licat
438 3829 490 3890 alii
512 3831 637 3890 Puonno
665 3831 724 3890 hoc
752 3829 938 3914 attribuant)·
962 3825 1119 3906 sanguinis·
1143 3837 1172 3886 et
1201 3826 1302 3886 omnis
1378 3883 1382 3887 .

174 3939 273 3999 vitalis
296 3933 431 4008 virtutis,
464 3933 625 3994 Sarranus
657 3953 731 3994 uero
752 3935 840 3994 illum
864 3935 1006 3996 infestum
1027 3942 1057 3991 et
1079 3928 1220 3988 nocivum
1240 3929 1301 3989 hu·

175 4062 307 4115 morem,
337 4057 429 4120 quem
461 4049 556 4096 atram
578 4037 670 4096 bilem
692 4039 755 4098 sive
776 4041 983 4100 melancoliam
1002 4035 1149 4108 vocitant,
1170 4046 1302 4112 generat,

178 4143 311 4207 defendit
331 4158 361 4205 et
380 4140 552 4217 conseruat,
572 4141 665 4202 Maus
686 4143 778 4201 bilem
799 4143 862 4203 sive
885 4145 1030 4216 coleram,
1054 4150 1083 4200 et
1104 4158 1142 4198 cx
1163 4157 1228 4219 quo
1248 4137 1304 4197 fri·

179 4249 266 4329 gidus
304 4259 332 4307 et
364 4246 456 4307 siccus
484 4246 645 4307 Strenuus
682 4245 847 4310 elevatione
876 4246 924 4303 sni
955 4243 1110 4306 eccentrici
1136 4243 1244 4303 >lovem
1270 4242 1303 4301 in

181 4373 275 4434 regno
296 4351 420 4412 Munus
448 4348 597 4428 oppressit
632 4359 659 4408 et
681 4348 965 4425 inermumque]
988 4344 1053 4406 deux
1070 4358 1099 4407 et
1119 4346 1305 4424 gubernator
