<?xml version="1.0" encoding="UTF-8"?>
<!DOCTYPE html PUBLIC "-//W3C//DTD XHTML 1.0 Transitional//EN"
    "http://www.w3.org/TR/xhtml1/DTD/xhtml1-transitional.dtd">
<html xmlns="http://www.w3.org/1999/xhtml" xml:lang="en" lang="en">
 <head>
  <title>
</title>
<meta http-equiv="Content-Type" content="text/html;charset=utf-8" />
  <meta name='ocr-system' content='tesseract 3.04.00' />
  <meta name='ocr-capabilities' content='ocr_page ocr_carea ocr_par ocr_line ocrx_word'/>
</head>
<body>
  <div class='ocr_page' id='page_1' title='image "./dieltestenschri00fuchgoog_0278.png"; bbox 0 0 2806 4800; ppageno 0'>
   <div class='ocr_carea' id='block_1_1' title="bbox 665 158 754 322">
    <p class='ocr_par' dir='ltr' id='par_1_1' title="bbox 665 158 754 322">
     <span class='ocr_line' id='line_1_1' title="bbox 665 158 754 322; baseline 0 -26"><span class='ocrx_word' id='word_1_1' title='bbox 665 158 754 322; x_wconf 40' lang='lat' dir='ltr'><strong>in,</strong></span> 
     </span>
    </p>
   </div>
   <div class='ocr_carea' id='block_1_2' title="bbox 117 409 1343 4387">
    <p class='ocr_par' dir='ltr' id='par_1_2' title="bbox 117 409 1343 4387">
     <span class='ocr_line' id='line_1_2' title="bbox 133 409 1278 496; baseline -0.002 -21"><span class='ocrx_word' id='word_1_2' title='bbox 133 416 190 476; x_wconf 88' lang='lat' dir='ltr'><strong>sub</strong></span> <span class='ocrx_word' id='word_1_3' title='bbox 213 434 274 496; x_wconf 92' lang='lat' dir='ltr'><strong>qua</strong></span> <span class='ocrx_word' id='word_1_4' title='bbox 296 426 324 475; x_wconf 89' lang='lat' dir='ltr'><strong>et</strong></span> <span class='ocrx_word' id='word_1_5' title='bbox 347 432 518 494; x_wconf 89' lang='lat' dir='ltr'><strong>perquam</strong></span> <span class='ocrx_word' id='word_1_6' title='bbox 543 409 740 475; x_wconf 85' lang='lat' dir='ltr'><strong>discurrendo</strong></span> <span class='ocrx_word' id='word_1_7' title='bbox 760 410 900 475; x_wconf 87' lang='lat' dir='ltr'><strong>omnium</strong></span> <span class='ocrx_word' id='word_1_8' title='bbox 927 409 1120 482; x_wconf 68' lang='lat' dir='ltr'><strong>scientiarum</strong></span> <span class='ocrx_word' id='word_1_9' title='bbox 1149 409 1278 473; x_wconf 86' lang='lat' dir='ltr'><strong>artifices</strong></span> 
     </span>
     <span class='ocr_line' id='line_1_3' title="bbox 135 510 1279 594; baseline -0.001 -19"><span class='ocrx_word' id='word_1_10' title='bbox 135 513 293 594; x_wconf 87' lang='lat' dir='ltr'><strong>disputant</strong></span> <span class='ocrx_word' id='word_1_11' title='bbox 321 527 350 574; x_wconf 92' lang='lat' dir='ltr'><strong>et</strong></span> <span class='ocrx_word' id='word_1_12' title='bbox 377 527 639 592; x_wconf 74' lang='lat' dir='ltr'><strong>argumentantur.</strong></span> <span class='ocrx_word' id='word_1_13' title='bbox 678 517 854 576; x_wconf 89' lang='lat' dir='ltr'><strong>·Praeterea</strong></span> <span class='ocrx_word' id='word_1_14' title='bbox 881 535 920 574; x_wconf 85' lang='lat' dir='ltr'><strong>ex</strong></span> <span class='ocrx_word' id='word_1_15' title='bbox 951 510 1117 575; x_wconf 82' lang='lat' dir='ltr'>medicinae</span> <span class='ocrx_word' id='word_1_16' title='bbox 1144 512 1279 575; x_wconf 86' lang='lat' dir='ltr'><strong>exordiis</strong></span> 
     </span>
     <span class='ocr_line' id='line_1_4' title="bbox 121 614 1279 701; baseline -0.004 -22"><span class='ocrx_word' id='word_1_17' title='bbox 121 617 208 701; x_wconf 80' lang='lat' dir='ltr'><strong>·(boc</strong></span> <span class='ocrx_word' id='word_1_18' title='bbox 228 631 274 678; x_wconf 87' lang='lat' dir='ltr'><strong>est</strong></span> <span class='ocrx_word' id='word_1_19' title='bbox 295 617 361 695; x_wconf 84' lang='lat' dir='ltr'><strong>ipsa</strong></span> <span class='ocrx_word' id='word_1_20' title='bbox 381 617 511 676; x_wconf 91' lang='lat' dir='ltr'><strong>humani</strong></span> <span class='ocrx_word' id='word_1_21' title='bbox 531 617 666 697; x_wconf 87' lang='lat' dir='ltr'><strong>corporis</strong></span> <span class='ocrx_word' id='word_1_22' title='bbox 686 619 801 698; x_wconf 85' lang='lat' dir='ltr'><strong>specie,</strong></span> <span class='ocrx_word' id='word_1_23' title='bbox 824 639 863 677; x_wconf 86' lang='lat' dir='ltr'><strong>ex</strong></span> <span class='ocrx_word' id='word_1_24' title='bbox 885 617 986 692; x_wconf 87' lang='lat' dir='ltr'><strong>renis,</strong></span> <span class='ocrx_word' id='word_1_25' title='bbox 1008 616 1143 690; x_wconf 87' lang='lat' dir='ltr'><strong>arteriis,</strong></span> <span class='ocrx_word' id='word_1_26' title='bbox 1165 614 1279 675; x_wconf 85' lang='lat' dir='ltr'><strong>officia·</strong></span> 
     </span>
     <span class='ocr_line' id='line_1_5' title="bbox 133 715 1279 802; baseline -0.003 -22"><span class='ocrx_word' id='word_1_27' title='bbox 133 720 216 781; x_wconf 88' lang='lat' dir='ltr'><strong>libus</strong></span> <span class='ocrx_word' id='word_1_28' title='bbox 238 718 401 795; x_wconf 77' lang='lat' dir='ltr'>membris,</span> <span class='ocrx_word' id='word_1_29' title='bbox 425 719 498 780; x_wconf 89' lang='lat' dir='ltr'><strong>item</strong></span> <span class='ocrx_word' id='word_1_30' title='bbox 520 720 704 782; x_wconf 72' lang='lat' dir='ltr'>humoribus</span> <span class='ocrx_word' id='word_1_31' title='bbox 724 733 754 782; x_wconf 93' lang='lat' dir='ltr'><strong>et</strong></span> <span class='ocrx_word' id='word_1_32' title='bbox 776 718 808 780; x_wconf 90' lang='lat' dir='ltr'><strong>id</strong></span> <span class='ocrx_word' id='word_1_33' title='bbox 830 716 940 802; x_wconf 85' lang='lat' dir='ltr'><strong>genus)</strong></span> <span class='ocrx_word' id='word_1_34' title='bbox 962 715 1096 778; x_wconf 89' lang='lat' dir='ltr'><strong>medicus</strong></span> <span class='ocrx_word' id='word_1_35' title='bbox 1116 737 1279 796; x_wconf 87' lang='lat' dir='ltr'><strong>argumen-</strong></span> 
     </span>
     <span class='ocr_line' id='line_1_6' title="bbox 134 819 1280 896; baseline -0.003 -13"><span class='ocrx_word' id='word_1_36' title='bbox 134 833 233 883; x_wconf 87' lang='lat' dir='ltr'><strong>tatur:</strong></span> <span class='ocrx_word' id='word_1_37' title='bbox 273 838 363 881; x_wconf 91' lang='lat' dir='ltr'><strong>nemo</strong></span> <span class='ocrx_word' id='word_1_38' title='bbox 392 831 495 880; x_wconf 92' lang='lat' dir='ltr'><strong>autem</strong></span> <span class='ocrx_word' id='word_1_39' title='bbox 528 841 603 882; x_wconf 89' lang='lat' dir='ltr'><strong>unas</strong></span> <span class='ocrx_word' id='word_1_40' title='bbox 632 820 688 884; x_wconf 84' lang='lat' dir='ltr'><strong>bas</strong></span> <span class='ocrx_word' id='word_1_41' title='bbox 706 822 890 884; x_wconf 73' lang='lat' dir='ltr'>substantias</span> <span class='ocrx_word' id='word_1_42' title='bbox 919 839 1070 883; x_wconf 86' lang='lat' dir='ltr'><strong>essenon</strong></span> <span class='ocrx_word' id='word_1_43' title='bbox 1091 821 1191 896; x_wconf 87' lang='lat' dir='ltr'><strong>norit,</strong></span> <span class='ocrx_word' id='word_1_44' title='bbox 1220 819 1280 880; x_wconf 91' lang='lat' dir='ltr'><strong>nisi</strong></span> 
     </span>
     <span class='ocr_line' id='line_1_7' title="bbox 136 920 1280 1006; baseline -0.002 -22"><span class='ocrx_word' id='word_1_45' title='bbox 136 926 206 1006; x_wconf 88' lang='lat' dir='ltr'><strong>quis</strong></span> <span class='ocrx_word' id='word_1_46' title='bbox 235 923 285 1006; x_wconf 89' lang='lat' dir='ltr'><strong>(ut</strong></span> <span class='ocrx_word' id='word_1_47' title='bbox 312 923 502 1003; x_wconf 86' lang='lat' dir='ltr'><strong>blasphemia</strong></span> <span class='ocrx_word' id='word_1_48' title='bbox 531 924 644 986; x_wconf 83' lang='lat' dir='ltr'><strong>Ariana</strong></span> <span class='ocrx_word' id='word_1_49' title='bbox 672 927 769 988; x_wconf 85' lang='lat' dir='ltr'><strong>fertur</strong></span> <span class='ocrx_word' id='word_1_50' title='bbox 797 920 939 1006; x_wconf 84' lang='lat' dir='ltr'><strong>sensisse)</strong></span> <span class='ocrx_word' id='word_1_51' title='bbox 967 942 1078 1002; x_wconf 83' lang='lat' dir='ltr'><strong>eorpus</strong></span> <span class='ocrx_word' id='word_1_52' title='bbox 1110 924 1280 983; x_wconf 90' lang='lat' dir='ltr'><strong>humanum</strong></span> 
     </span>
     <span class='ocr_line' id='line_1_8' title="bbox 135 1022 1281 1105; baseline -0.002 -17"><span class='ocrx_word' id='word_1_53' title='bbox 135 1027 272 1105; x_wconf 76' lang='lat' dir='ltr'><strong>posuerit</strong></span> <span class='ocrx_word' id='word_1_54' title='bbox 292 1025 493 1086; x_wconf 80' lang='lat' dir='ltr'><strong>fantasticum.</strong></span> <span class='ocrx_word' id='word_1_55' title='bbox 537 1027 626 1088; x_wconf 83' lang='lat' dir='ltr'><strong>Dixit</strong></span> <span class='ocrx_word' id='word_1_56' title='bbox 648 1028 739 1088; x_wconf 88' lang='lat' dir='ltr'><strong>etiam</strong></span> <span class='ocrx_word' id='word_1_57' title='bbox 760 1027 972 1087; x_wconf 76' lang='lat' dir='ltr'><strong>Amsuoemcs</strong></span> <span class='ocrx_word' id='word_1_58' title='bbox 994 1022 1145 1085; x_wconf 89' lang='lat' dir='ltr'><strong>medicum</strong></span> <span class='ocrx_word' id='word_1_59' title='bbox 1174 1045 1281 1086; x_wconf 88' lang='lat' dir='ltr'><strong>sanare</strong></span> 
     </span>
     <span class='ocr_line' id='line_1_9' title="bbox 136 1125 1281 1206; baseline -0.003 -17"><span class='ocrx_word' id='word_1_60' title='bbox 136 1141 189 1189; x_wconf 88' lang='lat' dir='ltr'><strong>aut</strong></span> <span class='ocrx_word' id='word_1_61' title='bbox 201 1127 340 1189; x_wconf 77' lang='lat' dir='ltr'><strong>Cscarsu</strong></span> <span class='ocrx_word' id='word_1_62' title='bbox 355 1127 595 1204; x_wconf 73' lang='lat' dir='ltr'><strong>autsocmssa,</strong></span> <span class='ocrx_word' id='word_1_63' title='bbox 617 1149 678 1190; x_wconf 90' lang='lat' dir='ltr'><strong>non</strong></span> <span class='ocrx_word' id='word_1_64' title='bbox 695 1142 799 1190; x_wconf 91' lang='lat' dir='ltr'><strong>autem</strong></span> <span class='ocrx_word' id='word_1_65' title='bbox 819 1129 925 1189; x_wconf 89' lang='lat' dir='ltr'><strong>album</strong></span> <span class='ocrx_word' id='word_1_66' title='bbox 937 1129 987 1188; x_wconf 89' lang='lat' dir='ltr'><strong>vel</strong></span> <span class='ocrx_word' id='word_1_67' title='bbox 1006 1128 1139 1206; x_wconf 89' lang='lat' dir='ltr'><strong>nigrum.</strong></span> <span class='ocrx_word' id='word_1_68' title='bbox 1182 1125 1281 1202; x_wconf 84' lang='lat' dir='ltr'><strong>Quin·</strong></span> 
     </span>
     <span class='ocr_line' id='line_1_10' title="bbox 136 1228 1281 1314; baseline -0.001 -24"><span class='ocrx_word' id='word_1_69' title='bbox 136 1231 231 1291; x_wconf 92' lang='lat' dir='ltr'><strong>immo</strong></span> <span class='ocrx_word' id='word_1_70' title='bbox 260 1230 392 1292; x_wconf 79' lang='lat' dir='ltr'><strong>cuiusvis</strong></span> <span class='ocrx_word' id='word_1_71' title='bbox 412 1229 459 1290; x_wconf 87' lang='lat' dir='ltr'><strong>rei</strong></span> <span class='ocrx_word' id='word_1_72' title='bbox 487 1231 664 1308; x_wconf 71' lang='lat' dir='ltr'><strong>essentiam,</strong></span> <span class='ocrx_word' id='word_1_73' title='bbox 693 1228 914 1314; x_wconf 85' lang='lat' dir='ltr'><strong>quidditatem‚</strong></span> <span class='ocrx_word' id='word_1_74' title='bbox 942 1242 1082 1291; x_wconf 85' lang='lat' dir='ltr'><strong>naturam</strong></span> <span class='ocrx_word' id='word_1_75' title='bbox 1103 1247 1192 1290; x_wconf 88' lang='lat' dir='ltr'><strong>nosse</strong></span> <span class='ocrx_word' id='word_1_76' title='bbox 1217 1249 1281 1289; x_wconf 90' lang='lat' dir='ltr'><strong>me·</strong></span> 
     </span>
     <span class='ocr_line' id='line_1_11' title="bbox 137 1329 1282 1415; baseline -0.004 -21"><span class='ocrx_word' id='word_1_77' title='bbox 137 1333 237 1395; x_wconf 90' lang='lat' dir='ltr'><strong>dicum</strong></span> <span class='ocrx_word' id='word_1_78' title='bbox 259 1338 416 1415; x_wconf 83' lang='lat' dir='ltr'><strong>oportere,</strong></span> <span class='ocrx_word' id='word_1_79' title='bbox 438 1334 519 1394; x_wconf 85' lang='lat' dir='ltr'><strong>clara</strong></span> <span class='ocrx_word' id='word_1_80' title='bbox 539 1345 583 1396; x_wconf 88' lang='lat' dir='ltr'><strong>est</strong></span> <span class='ocrx_word' id='word_1_81' title='bbox 605 1331 1058 1408; x_wconf 71' lang='lat' dir='ltr'><strong>H1rsocnfflssemenria‚us</strong></span> <span class='ocrx_word' id='word_1_82' title='bbox 1080 1329 1164 1412; x_wconf 91' lang='lat' dir='ltr'><strong>quod</strong></span> <span class='ocrx_word' id='word_1_83' title='bbox 1186 1331 1282 1390; x_wconf 85' lang='lat' dir='ltr'><strong>lactu·</strong></span> 
     </span>
     <span class='ocr_line' id='line_1_12' title="bbox 136 1420 1282 1512; baseline -0.003 -17"><span class='ocrx_word' id='word_1_84' title='bbox 136 1455 219 1512; x_wconf 88' lang='lat' dir='ltr'><strong>cam,</strong></span> <span class='ocrx_word' id='word_1_85' title='bbox 241 1438 302 1499; x_wconf 87' lang='lat' dir='ltr'><strong>nisi</strong></span> <span class='ocrx_word' id='word_1_86' title='bbox 321 1420 493 1511; x_wconf 82' lang='lat' dir='ltr'><strong>definitam,</strong></span> <span class='ocrx_word' id='word_1_87' title='bbox 522 1437 667 1499; x_wconf 66' lang='lat' dir='ltr'><strong>Geminos</strong></span> <span class='ocrx_word' id='word_1_88' title='bbox 690 1435 780 1499; x_wconf 88' lang='lat' dir='ltr'><strong>edere</strong></span> <span class='ocrx_word' id='word_1_89' title='bbox 801 1436 907 1500; x_wconf 85' lang='lat' dir='ltr'><strong>vetuit.</strong></span> <span class='ocrx_word' id='word_1_90' title='bbox 957 1436 1058 1496; x_wconf 86' lang='lat' dir='ltr'><strong>Tanto</strong></span> <span class='ocrx_word' id='word_1_91' title='bbox 1088 1433 1184 1512; x_wconf 89' lang='lat' dir='ltr'><strong>igitur</strong></span> <span class='ocrx_word' id='word_1_92' title='bbox 1208 1453 1282 1511; x_wconf 81' lang='lat' dir='ltr'><strong>par·</strong></span> 
     </span>
     <span class='ocr_line' id='line_1_13' title="bbox 135 1531 1282 1623; baseline -0.003 -24"><span class='ocrx_word' id='word_1_93' title='bbox 135 1538 291 1601; x_wconf 86' lang='lat' dir='ltr'><strong>ticularius</strong></span> <span class='ocrx_word' id='word_1_94' title='bbox 318 1552 347 1600; x_wconf 91' lang='lat' dir='ltr'><strong>et</strong></span> <span class='ocrx_word' id='word_1_95' title='bbox 377 1539 607 1619; x_wconf 88' lang='lat' dir='ltr'><strong>exemplicatius</strong></span> <span class='ocrx_word' id='word_1_96' title='bbox 641 1537 690 1623; x_wconf 87' lang='lat' dir='ltr'><strong>(ut</strong></span> <span class='ocrx_word' id='word_1_97' title='bbox 720 1540 763 1601; x_wconf 91' lang='lat' dir='ltr'><strong>ita</strong></span> <span class='ocrx_word' id='word_1_98' title='bbox 794 1533 940 1620; x_wconf 86' lang='lat' dir='ltr'><strong>dixerim)</strong></span> <span class='ocrx_word' id='word_1_99' title='bbox 975 1554 1099 1597; x_wconf 88' lang='lat' dir='ltr'><strong>noscere</strong></span> <span class='ocrx_word' id='word_1_100' title='bbox 1131 1531 1282 1595; x_wconf 90' lang='lat' dir='ltr'><strong>medicum</strong></span> 
     </span>
     <span class='ocr_line' id='line_1_14' title="bbox 135 1635 1282 1723; baseline -0.007 -21"><span class='ocrx_word' id='word_1_101' title='bbox 135 1655 256 1721; x_wconf 82' lang='lat' dir='ltr'><strong>oportet</strong></span> <span class='ocrx_word' id='word_1_102' title='bbox 277 1638 464 1723; x_wconf 90' lang='lat' dir='ltr'><strong>quidditates</strong></span> <span class='ocrx_word' id='word_1_103' title='bbox 485 1653 515 1702; x_wconf 89' lang='lat' dir='ltr'><strong>et</strong></span> <span class='ocrx_word' id='word_1_104' title='bbox 536 1643 696 1717; x_wconf 88' lang='lat' dir='ltr'><strong>essentias,</strong></span> <span class='ocrx_word' id='word_1_105' title='bbox 725 1654 841 1723; x_wconf 89' lang='lat' dir='ltr'><strong>quanto</strong></span> <span class='ocrx_word' id='word_1_106' title='bbox 870 1638 967 1717; x_wconf 84' lang='lat' dir='ltr'><strong>magis</strong></span> <span class='ocrx_word' id='word_1_107' title='bbox 989 1657 1062 1698; x_wconf 88' lang='lat' dir='ltr'><strong>suae</strong></span> <span class='ocrx_word' id='word_1_108' title='bbox 1082 1635 1192 1696; x_wconf 89' lang='lat' dir='ltr'><strong>mentis</strong></span> <span class='ocrx_word' id='word_1_109' title='bbox 1210 1654 1282 1696; x_wconf 90' lang='lat' dir='ltr'><strong>ocu·</strong></span> 
     </span>
     <span class='ocr_line' id='line_1_15' title="bbox 136 1739 1284 1824; baseline -0.002 -23"><span class='ocrx_word' id='word_1_110' title='bbox 136 1743 183 1803; x_wconf 84' lang='lat' dir='ltr'><strong>loe</strong></span> <span class='ocrx_word' id='word_1_111' title='bbox 201 1740 241 1824; x_wconf 88' lang='lat' dir='ltr'><strong>(si</strong></span> <span class='ocrx_word' id='word_1_112' title='bbox 268 1740 361 1823; x_wconf 88' lang='lat' dir='ltr'><strong>sapit)</strong></span> <span class='ocrx_word' id='word_1_113' title='bbox 391 1739 430 1801; x_wconf 92' lang='lat' dir='ltr'><strong>ad</strong></span> <span class='ocrx_word' id='word_1_114' title='bbox 456 1741 613 1802; x_wconf 80' lang='lat' dir='ltr'><strong>sensibilia</strong></span> <span class='ocrx_word' id='word_1_115' title='bbox 639 1754 669 1804; x_wconf 87' lang='lat' dir='ltr'><strong>et</strong></span> <span class='ocrx_word' id='word_1_116' title='bbox 689 1743 871 1804; x_wconf 77' lang='lat' dir='ltr'><strong>fantasmata</strong></span> <span class='ocrx_word' id='word_1_117' title='bbox 898 1741 932 1801; x_wconf 91' lang='lat' dir='ltr'><strong>in</strong></span> <span class='ocrx_word' id='word_1_118' title='bbox 961 1759 1040 1820; x_wconf 86' lang='lat' dir='ltr'><strong>opus</strong></span> <span class='ocrx_word' id='word_1_119' title='bbox 1071 1739 1284 1818; x_wconf 84' lang='lat' dir='ltr'><strong>promoventia</strong></span> 
     </span>
     <span class='ocr_line' id='line_1_16' title="bbox 137 1838 1284 1905; baseline -0.003 -2"><span class='ocrx_word' id='word_1_120' title='bbox 137 1842 215 1903; x_wconf 81' lang='lat' dir='ltr'><strong>circa</strong></span> <span class='ocrx_word' id='word_1_121' title='bbox 243 1842 464 1903; x_wconf 87' lang='lat' dir='ltr'><strong>nobilissimam</strong></span> <span class='ocrx_word' id='word_1_122' title='bbox 496 1843 697 1905; x_wconf 89' lang='lat' dir='ltr'><strong>substantiam</strong></span> <span class='ocrx_word' id='word_1_123' title='bbox 725 1844 831 1904; x_wconf 89' lang='lat' dir='ltr'><strong>ceteris</strong></span> <span class='ocrx_word' id='word_1_124' title='bbox 861 1841 1027 1903; x_wconf 82' lang='lat' dir='ltr'><strong>artificibus</strong></span> <span class='ocrx_word' id='word_1_125' title='bbox 1056 1838 1191 1902; x_wconf 85' lang='lat' dir='ltr'><strong>medicus</strong></span> <span class='ocrx_word' id='word_1_126' title='bbox 1221 1840 1284 1900; x_wconf 87' lang='lat' dir='ltr'><strong>fre·</strong></span> 
     </span>
     <span class='ocr_line' id='line_1_17' title="bbox 139 1931 1343 2029; baseline -0.002 -23"><span class='ocrx_word' id='word_1_127' title='bbox 139 1945 283 2029; x_wconf 88' lang='lat' dir='ltr'><strong>quentius</strong></span> <span class='ocrx_word' id='word_1_128' title='bbox 316 1946 474 2008; x_wconf 80' lang='lat' dir='ltr'><strong>convertit.</strong></span> <span class='ocrx_word' id='word_1_129' title='bbox 530 1947 597 2024; x_wconf 88' lang='lat' dir='ltr'><strong>Age</strong></span> <span class='ocrx_word' id='word_1_130' title='bbox 626 1943 707 2006; x_wconf 89' lang='lat' dir='ltr'><strong>dicae</strong></span> <span class='ocrx_word' id='word_1_131' title='bbox 728 1943 847 2020; x_wconf 83' lang='lat' dir='ltr'><strong>Smon,</strong></span> <span class='ocrx_word' id='word_1_132' title='bbox 876 1941 1002 2024; x_wconf 88' lang='lat' dir='ltr'><strong>quando</strong></span> <span class='ocrx_word' id='word_1_133' title='bbox 1031 1942 1090 2004; x_wconf 91' lang='lat' dir='ltr'><strong>ista</strong></span> <span class='ocrx_word' id='word_1_134' title='bbox 1110 1940 1284 2020; x_wconf 86' lang='lat' dir='ltr'><strong>incidimus,</strong></span> <span class='ocrx_word' id='word_1_135' title='bbox 1338 1931 1343 1935; x_wconf 47' lang='grc'><strong>’</strong></span> 
     </span>
     <span class='ocr_line' id='line_1_18' title="bbox 137 2044 1284 2133; baseline -0.003 -23"><span class='ocrx_word' id='word_1_136' title='bbox 137 2067 288 2133; x_wconf 89' lang='lat' dir='ltr'><strong>quaenam</strong></span> <span class='ocrx_word' id='word_1_137' title='bbox 309 2047 432 2110; x_wconf 85' lang='lat' dir='ltr'><strong>sciemia</strong></span> <span class='ocrx_word' id='word_1_138' title='bbox 450 2050 629 2110; x_wconf 89' lang='lat' dir='ltr'><strong>humanitus</strong></span> <span class='ocrx_word' id='word_1_139' title='bbox 656 2049 782 2110; x_wconf 80' lang='lat' dir='ltr'><strong>inventa</strong></span> <span class='ocrx_word' id='word_1_140' title='bbox 800 2045 992 2107; x_wconf 89' lang='lat' dir='ltr'><strong>sensibilium</strong></span> <span class='ocrx_word' id='word_1_141' title='bbox 1018 2044 1233 2104; x_wconf 80' lang='lat' dir='ltr'><strong>fantasmatum</strong></span> <span class='ocrx_word' id='word_1_142' title='bbox 1254 2055 1284 2107; x_wconf 92' lang='lat' dir='ltr'><strong>et</strong></span> 
     </span>
     <span class='ocr_line' id='line_1_19' title="bbox 137 2150 1284 2234; baseline -0.003 -23"><span class='ocrx_word' id='word_1_143' title='bbox 137 2150 335 2212; x_wconf 87' lang='lat' dir='ltr'><strong>accidentium</strong></span> <span class='ocrx_word' id='word_1_144' title='bbox 358 2152 526 2214; x_wconf 88' lang='lat' dir='ltr'><strong>ministerio</strong></span> <span class='ocrx_word' id='word_1_145' title='bbox 547 2151 665 2232; x_wconf 88' lang='lat' dir='ltr'><strong>oppido</strong></span> <span class='ocrx_word' id='word_1_146' title='bbox 686 2171 779 2234; x_wconf 93' lang='lat' dir='ltr'><strong>quam</strong></span> <span class='ocrx_word' id='word_1_147' title='bbox 802 2159 979 2229; x_wconf 88' lang='lat' dir='ltr'><strong>opportuno</strong></span> <span class='ocrx_word' id='word_1_148' title='bbox 999 2165 1062 2208; x_wconf 90' lang='lat' dir='ltr'><strong>non</strong></span> <span class='ocrx_word' id='word_1_149' title='bbox 1084 2157 1284 2225; x_wconf 83' lang='lat' dir='ltr'><strong>promovetur</strong></span> 
     </span>
     <span class='ocr_line' id='line_1_20' title="bbox 137 2249 1285 2335; baseline -0.002 -21"><span class='ocrx_word' id='word_1_150' title='bbox 137 2255 170 2314; x_wconf 91' lang='lat' dir='ltr'><strong>in</strong></span> <span class='ocrx_word' id='word_1_151' title='bbox 192 2254 241 2314; x_wconf 90' lang='lat' dir='ltr'><strong>sui</strong></span> <span class='ocrx_word' id='word_1_152' title='bbox 262 2255 371 2317; x_wconf 90' lang='lat' dir='ltr'><strong>obiecti</strong></span> <span class='ocrx_word' id='word_1_153' title='bbox 393 2251 638 2335; x_wconf 73' lang='lat' dir='ltr'><strong>cognitionemf.</strong></span> <span class='ocrx_word' id='word_1_154' title='bbox 665 2253 744 2315; x_wconf 84' lang='lat' dir='ltr'><strong>Cum</strong></span> <span class='ocrx_word' id='word_1_155' title='bbox 775 2249 859 2335; x_wconf 90' lang='lat' dir='ltr'><strong>quod</strong></span> <span class='ocrx_word' id='word_1_156' title='bbox 891 2249 925 2312; x_wconf 92' lang='lat' dir='ltr'><strong>id</strong></span> <span class='ocrx_word' id='word_1_157' title='bbox 946 2252 1098 2310; x_wconf 89' lang='lat' dir='ltr'><strong>humanae</strong></span> <span class='ocrx_word' id='word_1_158' title='bbox 1118 2251 1210 2313; x_wconf 87' lang='lat' dir='ltr'><strong>sortis</strong></span> <span class='ocrx_word' id='word_1_159' title='bbox 1230 2263 1285 2328; x_wconf 85' lang='lat' dir='ltr'><strong>est,</strong></span> 
     </span>
     <span class='ocr_line' id='line_1_21' title="bbox 117 2353 1284 2436; baseline -0.003 -18"><span class='ocrx_word' id='word_1_160' title='bbox 117 2367 172 2418; x_wconf 25' lang='lat' dir='ltr'><strong>,tat</strong></span> <span class='ocrx_word' id='word_1_161' title='bbox 195 2353 379 2436; x_wconf 86' lang='lat' dir='ltr'><strong>quidditates</strong></span> <span class='ocrx_word' id='word_1_162' title='bbox 408 2370 438 2419; x_wconf 88' lang='lat' dir='ltr'><strong>et</strong></span> <span class='ocrx_word' id='word_1_163' title='bbox 458 2359 602 2418; x_wconf 87' lang='lat' dir='ltr'><strong>essentias</strong></span> <span class='ocrx_word' id='word_1_164' title='bbox 622 2378 679 2436; x_wconf 86' lang='lat' dir='ltr'><strong>per</strong></span> <span class='ocrx_word' id='word_1_165' title='bbox 701 2355 866 2418; x_wconf 83' lang='lat' dir='ltr'><strong>accidentia</strong></span> <span class='ocrx_word' id='word_1_166' title='bbox 895 2367 925 2431; x_wconf 89' lang='lat' dir='ltr'><strong>et</strong></span> <span class='ocrx_word' id='word_1_167' title='bbox 947 2353 1150 2434; x_wconf 89' lang='lat' dir='ltr'><strong>proprietates</strong></span> <span class='ocrx_word' id='word_1_168' title='bbox 1176 2356 1284 2433; x_wconf 85' lang='lat' dir='ltr'><strong>specu-</strong></span> 
     </span>
     <span class='ocr_line' id='line_1_22' title="bbox 135 2455 1283 2543; baseline 0.003 -28"><span class='ocrx_word' id='word_1_169' title='bbox 135 2457 225 2533; x_wconf 88' lang='lat' dir='ltr'><strong>letur,</strong></span> <span class='ocrx_word' id='word_1_170' title='bbox 246 2469 311 2518; x_wconf 91' lang='lat' dir='ltr'><strong>tum</strong></span> <span class='ocrx_word' id='word_1_171' title='bbox 326 2457 411 2540; x_wconf 89' lang='lat' dir='ltr'><strong>quod</strong></span> <span class='ocrx_word' id='word_1_172' title='bbox 422 2460 559 2522; x_wconf 90' lang='lat' dir='ltr'><strong>formalis</strong></span> <span class='ocrx_word' id='word_1_173' title='bbox 572 2461 651 2521; x_wconf 83' lang='lat' dir='ltr'><strong>ratio</strong></span> <span class='ocrx_word' id='word_1_174' title='bbox 663 2456 712 2543; x_wconf 89' lang='lat' dir='ltr'><strong>(ut</strong></span> <span class='ocrx_word' id='word_1_175' title='bbox 727 2459 787 2539; x_wconf 89' lang='lat' dir='ltr'><strong>ipsi</strong></span> <span class='ocrx_word' id='word_1_176' title='bbox 805 2457 924 2543; x_wconf 87' lang='lat' dir='ltr'><strong>dicunt)</strong></span> <span class='ocrx_word' id='word_1_177' title='bbox 937 2456 1098 2519; x_wconf 90' lang='lat' dir='ltr'><strong>cuiuslibet</strong></span> <span class='ocrx_word' id='word_1_178' title='bbox 1110 2455 1222 2517; x_wconf 89' lang='lat' dir='ltr'><strong>obiecti</strong></span> <span class='ocrx_word' id='word_1_179' title='bbox 1244 2477 1283 2518; x_wconf 89' lang='lat' dir='ltr'><strong>ex</strong></span> 
     </span>
     <span class='ocr_line' id='line_1_23' title="bbox 135 2559 1284 2655; baseline 0.003 -37"><span class='ocrx_word' id='word_1_180' title='bbox 135 2573 221 2638; x_wconf 87' lang='lat' dir='ltr'><strong>parte</strong></span> <span class='ocrx_word' id='word_1_181' title='bbox 232 2562 448 2640; x_wconf 81' lang='lat' dir='ltr'><strong>cognoscentis</strong></span> <span class='ocrx_word' id='word_1_182' title='bbox 458 2560 586 2624; x_wconf 91' lang='lat' dir='ltr'><strong>modum</strong></span> <span class='ocrx_word' id='word_1_183' title='bbox 598 2564 644 2650; x_wconf 88' lang='lat' dir='ltr'><strong>rei</strong></span> <span class='ocrx_word' id='word_1_184' title='bbox 654 2564 809 2643; x_wconf 86' lang='lat' dir='ltr'><strong>importet.</strong></span> <span class='ocrx_word' id='word_1_185' title='bbox 834 2642 838 2655; x_wconf 36' lang='grc'><strong><em>1</em></strong></span> <span class='ocrx_word' id='word_1_186' title='bbox 852 2561 944 2637; x_wconf 85' lang='lat' dir='ltr'><strong>Quod</strong></span> <span class='ocrx_word' id='word_1_187' title='bbox 958 2564 985 2626; x_wconf 87' lang='lat' dir='ltr'><strong>si</strong></span> <span class='ocrx_word' id='word_1_188' title='bbox 995 2565 1090 2641; x_wconf 87' lang='lat' dir='ltr'><strong>iuvat,</strong></span> <span class='ocrx_word' id='word_1_189' title='bbox 1111 2563 1144 2623; x_wconf 90' lang='lat' dir='ltr'><strong>in</strong></span> <span class='ocrx_word' id='word_1_190' title='bbox 1155 2559 1284 2637; x_wconf 87' lang='lat' dir='ltr'><strong>singulis</strong></span> 
     </span>
     <span class='ocr_line' id='line_1_24' title="bbox 136 2660 1283 2748; baseline 0 -24"><span class='ocrx_word' id='word_1_191' title='bbox 136 2660 303 2724; x_wconf 86' lang='lat' dir='ltr'><strong>videamus.</strong></span> <span class='ocrx_word' id='word_1_192' title='bbox 333 2665 369 2724; x_wconf 89' lang='lat' dir='ltr'><strong>ln</strong></span> <span class='ocrx_word' id='word_1_193' title='bbox 379 2667 587 2747; x_wconf 84' lang='lat' dir='ltr'><strong>metaphysica</strong></span> <span class='ocrx_word' id='word_1_194' title='bbox 603 2665 730 2747; x_wconf 85' lang='lat' dir='ltr'><strong>quidem</strong></span> <span class='ocrx_word' id='word_1_195' title='bbox 741 2687 794 2726; x_wconf 88' lang='lat' dir='ltr'><strong>ens</strong></span> <span class='ocrx_word' id='word_1_196' title='bbox 806 2667 839 2726; x_wconf 90' lang='lat' dir='ltr'><strong>in</strong></span> <span class='ocrx_word' id='word_1_197' title='bbox 852 2680 1002 2748; x_wconf 91' lang='lat' dir='ltr'><strong>quantum</strong></span> <span class='ocrx_word' id='word_1_198' title='bbox 1015 2688 1086 2744; x_wconf 70' lang='lat' dir='ltr'><strong>ens,</strong></span> <span class='ocrx_word' id='word_1_199' title='bbox 1107 2667 1140 2726; x_wconf 91' lang='lat' dir='ltr'><strong>iu</strong></span> <span class='ocrx_word' id='word_1_200' title='bbox 1150 2663 1283 2726; x_wconf 86' lang='lat' dir='ltr'><strong>naturali</strong></span> 
     </span>
     <span class='ocr_line' id='line_1_25' title="bbox 136 2765 1281 2851; baseline 0.006 -27"><span class='ocrx_word' id='word_1_201' title='bbox 136 2766 334 2844; x_wconf 85' lang='lat' dir='ltr'><strong>philosophie</strong></span> <span class='ocrx_word' id='word_1_202' title='bbox 354 2786 408 2826; x_wconf 89' lang='lat' dir='ltr'><strong>ens</strong></span> <span class='ocrx_word' id='word_1_203' title='bbox 428 2769 559 2844; x_wconf 70' lang='lat' dir='ltr'><strong>mobile,</strong></span> <span class='ocrx_word' id='word_1_204' title='bbox 581 2768 614 2826; x_wconf 92' lang='lat' dir='ltr'><strong>in</strong></span> <span class='ocrx_word' id='word_1_205' title='bbox 636 2765 785 2828; x_wconf 89' lang='lat' dir='ltr'><strong>medicina</strong></span> <span class='ocrx_word' id='word_1_206' title='bbox 807 2765 1004 2851; x_wconf 88' lang='lat' dir='ltr'><strong>(utreliquas</strong></span> <span class='ocrx_word' id='word_1_207' title='bbox 1024 2769 1199 2831; x_wconf 86' lang='lat' dir='ltr'><strong>omittamus</strong></span> <span class='ocrx_word' id='word_1_208' title='bbox 1212 2769 1281 2831; x_wconf 85' lang='lat' dir='ltr'><strong>bra·</strong></span> 
     </span>
     <span class='ocr_line' id='line_1_26' title="bbox 137 2866 1282 2955; baseline 0.008 -28"><span class='ocrx_word' id='word_1_209' title='bbox 137 2867 237 2927; x_wconf 85' lang='lat' dir='ltr'><strong>vitatis</strong></span> <span class='ocrx_word' id='word_1_210' title='bbox 257 2866 375 2948; x_wconf 85' lang='lat' dir='ltr'><strong>aurore)</strong></span> <span class='ocrx_word' id='word_1_211' title='bbox 397 2887 508 2948; x_wconf 85' lang='lat' dir='ltr'><strong>corpus</strong></span> <span class='ocrx_word' id='word_1_212' title='bbox 537 2871 681 2931; x_wconf 88' lang='lat' dir='ltr'><strong>sanabile.</strong></span> <span class='ocrx_word' id='word_1_213' title='bbox 731 2869 790 2933; x_wconf 87' lang='lat' dir='ltr'><strong>Sed</strong></span> <span class='ocrx_word' id='word_1_214' title='bbox 823 2891 884 2932; x_wconf 91' lang='lat' dir='ltr'><strong>non</strong></span> <span class='ocrx_word' id='word_1_215' title='bbox 920 2874 1022 2935; x_wconf 89' lang='lat' dir='ltr'><strong>minus</strong></span> <span class='ocrx_word' id='word_1_216' title='bbox 1055 2866 1149 2955; x_wconf 86' lang='lat' dir='ltr'><strong>quam</strong></span> <span class='ocrx_word' id='word_1_217' title='bbox 1182 2886 1282 2936; x_wconf 88' lang='lat' dir='ltr'><strong>motus</strong></span> 
     </span>
     <span class='ocr_line' id='line_1_27' title="bbox 136 2967 1281 3053; baseline 0.008 -27"><span class='ocrx_word' id='word_1_218' title='bbox 136 2967 245 3027; x_wconf 91' lang='lat' dir='ltr'><strong>mobili</strong></span> <span class='ocrx_word' id='word_1_219' title='bbox 272 2981 302 3029; x_wconf 87' lang='lat' dir='ltr'><strong>et</strong></span> <span class='ocrx_word' id='word_1_220' title='bbox 329 2969 440 3032; x_wconf 87' lang='lat' dir='ltr'><strong>sanitas</strong></span> <span class='ocrx_word' id='word_1_221' title='bbox 471 2973 592 3053; x_wconf 88' lang='lat' dir='ltr'><strong>corpori</strong></span> <span class='ocrx_word' id='word_1_222' title='bbox 627 2973 735 3036; x_wconf 88' lang='lat' dir='ltr'><strong>accidit</strong></span> <span class='ocrx_word' id='word_1_223' title='bbox 764 2975 911 3037; x_wconf 90' lang='lat' dir='ltr'><strong>creaturis</strong></span> <span class='ocrx_word' id='word_1_224' title='bbox 940 2996 1025 3052; x_wconf 84' lang='lat' dir='ltr'><strong>esse;</strong></span> <span class='ocrx_word' id='word_1_225' title='bbox 1060 2997 1151 3037; x_wconf 89' lang='lat' dir='ltr'><strong>nemo</strong></span> <span class='ocrx_word' id='word_1_226' title='bbox 1179 2989 1281 3037; x_wconf 89' lang='lat' dir='ltr'><strong>tamen</strong></span> 
     </span>
     <span class='ocr_line' id='line_1_28' title="bbox 135 3067 1281 3160; baseline 0.009 -31"><span class='ocrx_word' id='word_1_227' title='bbox 135 3067 213 3131; x_wconf 89' lang='lat' dir='ltr'><strong>dicet</strong></span> <span class='ocrx_word' id='word_1_228' title='bbox 233 3071 372 3134; x_wconf 89' lang='lat' dir='ltr'><strong>scientias</strong></span> <span class='ocrx_word' id='word_1_229' title='bbox 394 3073 463 3136; x_wconf 87' lang='lat' dir='ltr'><strong>illas</strong></span> <span class='ocrx_word' id='word_1_230' title='bbox 482 3078 644 3138; x_wconf 86' lang='lat' dir='ltr'><strong>sensuales.</strong></span> <span class='ocrx_word' id='word_1_231' title='bbox 687 3078 791 3138; x_wconf 88' lang='lat' dir='ltr'><strong>Multa</strong></span> <span class='ocrx_word' id='word_1_232' title='bbox 811 3098 937 3160; x_wconf 92' lang='lat' dir='ltr'><strong>quoque</strong></span> <span class='ocrx_word' id='word_1_233' title='bbox 965 3074 1136 3138; x_wconf 85' lang='lat' dir='ltr'><strong>consideret</strong></span> <span class='ocrx_word' id='word_1_234' title='bbox 1156 3091 1281 3139; x_wconf 89' lang='lat' dir='ltr'><strong>natura-</strong></span> 
     </span>
     <span class='ocr_line' id='line_1_29' title="bbox 134 3173 1281 3262; baseline 0.007 -29"><span class='ocrx_word' id='word_1_235' title='bbox 134 3173 172 3234; x_wconf 92' lang='lat' dir='ltr'><strong>lis</strong></span> <span class='ocrx_word' id='word_1_236' title='bbox 192 3175 415 3254; x_wconf 89' lang='lat' dir='ltr'><strong>philosophus,</strong></span> <span class='ocrx_word' id='word_1_237' title='bbox 435 3198 515 3257; x_wconf 87' lang='lat' dir='ltr'><strong>quae</strong></span> <span class='ocrx_word' id='word_1_238' title='bbox 536 3176 584 3258; x_wconf 92' lang='lat' dir='ltr'><strong>(ut</strong></span> <span class='ocrx_word' id='word_1_239' title='bbox 604 3180 685 3239; x_wconf 88' lang='lat' dir='ltr'><strong>inter</strong></span> <span class='ocrx_word' id='word_1_240' title='bbox 701 3198 811 3239; x_wconf 89' lang='lat' dir='ltr'><strong>sanum</strong></span> <span class='ocrx_word' id='word_1_241' title='bbox 832 3192 861 3240; x_wconf 92' lang='lat' dir='ltr'><strong>et</strong></span> <span class='ocrx_word' id='word_1_242' title='bbox 882 3177 1030 3262; x_wconf 24' lang='lat' dir='ltr'><strong>aegrum),</strong></span> <span class='ocrx_word' id='word_1_243' title='bbox 1045 3199 1151 3247; x_wconf 87' lang='lat' dir='ltr'><strong>sensus</strong></span> <span class='ocrx_word' id='word_1_244' title='bbox 1169 3179 1281 3241; x_wconf 88' lang='lat' dir='ltr'><strong>discer-</strong></span> 
     </span>
     <span class='ocr_line' id='line_1_30' title="bbox 135 3277 1280 3363; baseline 0.01 -30"><span class='ocrx_word' id='word_1_245' title='bbox 135 3289 223 3336; x_wconf 87' lang='lat' dir='ltr'><strong>nunt.</strong></span> <span class='ocrx_word' id='word_1_246' title='bbox 272 3277 423 3339; x_wconf 91' lang='lat' dir='ltr'><strong>Videmus</strong></span> <span class='ocrx_word' id='word_1_247' title='bbox 451 3283 567 3340; x_wconf 91' lang='lat' dir='ltr'><strong>coelum</strong></span> <span class='ocrx_word' id='word_1_248' title='bbox 594 3283 729 3356; x_wconf 86' lang='lat' dir='ltr'><strong>moveri,</strong></span> <span class='ocrx_word' id='word_1_249' title='bbox 757 3284 913 3363; x_wconf 89' lang='lat' dir='ltr'><strong>quiescere</strong></span> <span class='ocrx_word' id='word_1_250' title='bbox 934 3295 1064 3343; x_wconf 85' lang='lat' dir='ltr'><strong>terram:</strong></span> <span class='ocrx_word' id='word_1_251' title='bbox 1099 3303 1154 3343; x_wconf 89' lang='lat' dir='ltr'><strong>nec</strong></span> <span class='ocrx_word' id='word_1_252' title='bbox 1181 3285 1222 3345; x_wconf 91' lang='lat' dir='ltr'><strong>ob</strong></span> <span class='ocrx_word' id='word_1_253' title='bbox 1246 3282 1280 3345; x_wconf 90' lang='lat' dir='ltr'><strong>id</strong></span> 
     </span>
     <span class='ocr_line' id='line_1_31' title="bbox 133 3377 1281 3466; baseline 0.012 -31"><span class='ocrx_word' id='word_1_254' title='bbox 133 3377 340 3456; x_wconf 89' lang='lat' dir='ltr'><strong>philosophus</strong></span> <span class='ocrx_word' id='word_1_255' title='bbox 372 3377 482 3439; x_wconf 88' lang='lat' dir='ltr'><strong>dicitur</strong></span> <span class='ocrx_word' id='word_1_256' title='bbox 510 3383 682 3444; x_wconf 85' lang='lat' dir='ltr'><strong>sensitivus.</strong></span> <span class='ocrx_word' id='word_1_257' title='bbox 736 3385 911 3463; x_wconf 85' lang='lat' dir='ltr'><strong>Restriugas</strong></span> <span class='ocrx_word' id='word_1_258' title='bbox 943 3403 1032 3464; x_wconf 91' lang='lat' dir='ltr'><strong>ergo,</strong></span> <span class='ocrx_word' id='word_1_259' title='bbox 1062 3404 1125 3445; x_wconf 91' lang='lat' dir='ltr'><strong>non</strong></span> <span class='ocrx_word' id='word_1_260' title='bbox 1153 3388 1281 3466; x_wconf 84' lang='lat' dir='ltr'><strong>ampliss</strong></span> 
     </span>
     <span class='ocr_line' id='line_1_32' title="bbox 134 3480 1280 3571; baseline 0.01 -31"><span class='ocrx_word' id='word_1_261' title='bbox 134 3480 337 3540; x_wconf 86' lang='lat' dir='ltr'><strong>catholiooues</strong></span> <span class='ocrx_word' id='word_1_262' title='bbox 358 3481 429 3541; x_wconf 90' lang='lat' dir='ltr'><strong>illos</strong></span> <span class='ocrx_word' id='word_1_263' title='bbox 449 3482 607 3561; x_wconf 88' lang='lat' dir='ltr'><strong>pistorioe:</strong></span> <span class='ocrx_word' id='word_1_264' title='bbox 637 3484 772 3549; x_wconf 89' lang='lat' dir='ltr'><strong>medicus</strong></span> <span class='ocrx_word' id='word_1_265' title='bbox 792 3486 955 3549; x_wconf 89' lang='lat' dir='ltr'><strong>accidentia</strong></span> <span class='ocrx_word' id='word_1_266' title='bbox 979 3509 1072 3570; x_wconf 89' lang='lat' dir='ltr'><strong>quam</strong></span> <span class='ocrx_word' id='word_1_267' title='bbox 1094 3488 1280 3571; x_wconf 90' lang='lat' dir='ltr'><strong>quidditates</strong></span> 
     </span>
     <span class='ocr_line' id='line_1_33' title="bbox 133 3582 1280 3669; baseline 0.01 -28"><span class='ocrx_word' id='word_1_268' title='bbox 133 3584 229 3662; x_wconf 89' lang='lat' dir='ltr'><strong>magis</strong></span> <span class='ocrx_word' id='word_1_269' title='bbox 250 3582 435 3664; x_wconf 81' lang='lat' dir='ltr'><strong>considerat3</strong></span> <span class='ocrx_word' id='word_1_270' title='bbox 457 3585 591 3649; x_wconf 88' lang='lat' dir='ltr'><strong>medicus</strong></span> <span class='ocrx_word' id='word_1_271' title='bbox 613 3603 658 3651; x_wconf 88' lang='lat' dir='ltr'><strong>est</strong></span> <span class='ocrx_word' id='word_1_272' title='bbox 677 3593 789 3653; x_wconf 84' lang='lat' dir='ltr'><strong>artifex</strong></span> <span class='ocrx_word' id='word_1_273' title='bbox 810 3593 992 3667; x_wconf 75' lang='lat' dir='ltr'><strong>seruitium,</strong></span> <span class='ocrx_word' id='word_1_274' title='bbox 1022 3605 1052 3654; x_wconf 89' lang='lat' dir='ltr'><strong>et</strong></span> <span class='ocrx_word' id='word_1_275' title='bbox 1077 3593 1206 3669; x_wconf 72' lang='lat' dir='ltr'><strong>similes,</strong></span> <span class='ocrx_word' id='word_1_276' title='bbox 1240 3613 1280 3653; x_wconf 90' lang='lat' dir='ltr'><strong>ne</strong></span> 
     </span>
     <span class='ocr_line' id='line_1_34' title="bbox 133 3687 1278 3775; baseline 0.004 -28"><span class='ocrx_word' id='word_1_277' title='bbox 133 3699 258 3766; x_wconf 89' lang='lat' dir='ltr'><strong>putetur</strong></span> <span class='ocrx_word' id='word_1_278' title='bbox 277 3687 444 3770; x_wconf 88' lang='lat' dir='ltr'><strong>aliquando</strong></span> <span class='ocrx_word' id='word_1_279' title='bbox 466 3689 599 3753; x_wconf 88' lang='lat' dir='ltr'><strong>medicos</strong></span> <span class='ocrx_word' id='word_1_280' title='bbox 617 3695 710 3756; x_wconf 88' lang='lat' dir='ltr'><strong>fuisse</strong></span> <span class='ocrx_word' id='word_1_281' title='bbox 731 3707 766 3756; x_wconf 93' lang='lat' dir='ltr'><strong>ut</strong></span> <span class='ocrx_word' id='word_1_282' title='bbox 787 3693 904 3775; x_wconf 89' lang='lat' dir='ltr'><strong>lapides</strong></span> <span class='ocrx_word' id='word_1_283' title='bbox 925 3695 1082 3756; x_wconf 87' lang='lat' dir='ltr'><strong>inanimes.</strong></span> <span class='ocrx_word' id='word_1_284' title='bbox 1104 3696 1278 3770; x_wconf 83' lang='lat' dir='ltr'><strong>Pergamus.</strong></span> 
     </span>
     <span class='ocr_line' id='line_1_35' title="bbox 218 3790 1309 3876; baseline 0 -24"><span class='ocrx_word' id='word_1_285' title='bbox 218 3793 295 3853; x_wconf 83' lang='lat' dir='ltr'><strong>Hine</strong></span> <span class='ocrx_word' id='word_1_286' title='bbox 315 3805 356 3854; x_wconf 80' lang='lat' dir='ltr'><strong>eat</strong></span> <span class='ocrx_word' id='word_1_287' title='bbox 377 3795 524 3856; x_wconf 78' lang='lat' dir='ltr'><strong>adveniam</strong></span> <span class='ocrx_word' id='word_1_288' title='bbox 545 3800 583 3858; x_wconf 82' lang='lat' dir='ltr'><strong>ab</strong></span> <span class='ocrx_word' id='word_1_289' title='bbox 604 3811 688 3860; x_wconf 80' lang='lat' dir='ltr'><strong>eastra</strong></span> <span class='ocrx_word' id='word_1_290' title='bbox 702 3811 809 3859; x_wconf 78' lang='lat' dir='ltr'><strong>etc—</strong></span> <span class='ocrx_word' id='word_1_291' title='bbox 853 3796 948 3858; x_wconf 84' lang='lat' dir='ltr'><strong>Aliud</strong></span> <span class='ocrx_word' id='word_1_292' title='bbox 972 3819 1012 3858; x_wconf 93' lang='lat' dir='ltr'><strong>ex</strong></span> <span class='ocrx_word' id='word_1_293' title='bbox 1032 3793 1204 3876; x_wconf 85' lang='lat' dir='ltr'><strong>praedictis,</strong></span> <span class='ocrx_word' id='word_1_294' title='bbox 1224 3790 1277 3854; x_wconf 88' lang='lat' dir='ltr'><strong>scd</strong></span> <span class='ocrx_word' id='word_1_295' title='bbox 1304 3840 1309 3845; x_wconf 71' lang='grc'><strong>-</strong></span> 
     </span>
     <span class='ocr_line' id='line_1_36' title="bbox 134 3893 1278 3980; baseline 0.005 -31"><span class='ocrx_word' id='word_1_296' title='bbox 134 3910 197 3969; x_wconf 92' lang='lat' dir='ltr'><strong>qua</strong></span> <span class='ocrx_word' id='word_1_297' title='bbox 217 3893 422 3970; x_wconf 86' lang='lat' dir='ltr'><strong>cohaerentia,</strong></span> <span class='ocrx_word' id='word_1_298' title='bbox 444 3918 547 3978; x_wconf 86' lang='lat' dir='ltr'><strong>quove</strong></span> <span class='ocrx_word' id='word_1_299' title='bbox 567 3900 710 3979; x_wconf 86' lang='lat' dir='ltr'><strong>ligamine</strong></span> <span class='ocrx_word' id='word_1_300' title='bbox 732 3900 784 3975; x_wconf 92' lang='lat' dir='ltr'><strong>hi,</strong></span> <span class='ocrx_word' id='word_1_301' title='bbox 805 3899 1047 3980; x_wconf 73' lang='lat' dir='ltr'><strong>quibus&#39;mentis</strong></span> <span class='ocrx_word' id='word_1_302' title='bbox 1068 3897 1212 3977; x_wconf 91' lang='lat' dir='ltr'><strong>cymbula</strong></span> <span class='ocrx_word' id='word_1_303' title='bbox 1232 3895 1278 3955; x_wconf 87' lang='lat' dir='ltr'><strong>al·</strong></span> 
     </span>
     <span class='ocr_line' id='line_1_37' title="bbox 134 3990 1277 4080; baseline 0.008 -28"><span class='ocrx_word' id='word_1_304' title='bbox 134 3991 195 4052; x_wconf 88' lang='lat' dir='ltr'><strong>tius</strong></span> <span class='ocrx_word' id='word_1_305' title='bbox 222 3990 326 4071; x_wconf 73' lang='lat' dir='ltr'><strong>dlicta,</strong></span> <span class='ocrx_word' id='word_1_306' title='bbox 355 3997 505 4075; x_wconf 90' lang='lat' dir='ltr'><strong>iudicent,</strong></span> <span class='ocrx_word' id='word_1_307' title='bbox 533 4001 576 4062; x_wconf 91' lang='lat' dir='ltr'><strong>sic</strong></span> <span class='ocrx_word' id='word_1_308' title='bbox 599 4003 731 4080; x_wconf 86' lang='lat' dir='ltr'><strong>colligis:</strong></span> <span class='ocrx_word' id='word_1_309' title='bbox 770 4001 840 4060; x_wconf 81' lang='lat' dir='ltr'><strong>hinc</strong></span> <span class='ocrx_word' id='word_1_310' title='bbox 871 4013 915 4060; x_wconf 88' lang='lat' dir='ltr'><strong>est</strong></span> <span class='ocrx_word' id='word_1_311' title='bbox 945 3998 1093 4080; x_wconf 87' lang='lat' dir='ltr'><strong>(inquis),</strong></span> <span class='ocrx_word' id='word_1_312' title='bbox 1114 3995 1277 4061; x_wconf 84' lang='lat' dir='ltr'><strong>adveniens</strong></span> 
     </span>
     <span class='ocr_line' id='line_1_38' title="bbox 133 4093 1275 4184; baseline 0.011 -32"><span class='ocrx_word' id='word_1_313' title='bbox 133 4093 172 4152; x_wconf 90' lang='lat' dir='ltr'><strong>ab</strong></span> <span class='ocrx_word' id='word_1_314' title='bbox 195 4106 297 4168; x_wconf 91' lang='lat' dir='ltr'><strong>extra,</strong></span> <span class='ocrx_word' id='word_1_315' title='bbox 326 4110 401 4175; x_wconf 86' lang='lat' dir='ltr'><strong>puta</strong></span> <span class='ocrx_word' id='word_1_316' title='bbox 426 4102 505 4163; x_wconf 70' lang='lat' dir='ltr'><strong>aeris</strong></span> <span class='ocrx_word' id='word_1_317' title='bbox 525 4105 657 4184; x_wconf 89' lang='lat' dir='ltr'><strong>qualitas</strong></span> <span class='ocrx_word' id='word_1_318' title='bbox 685 4124 854 4177; x_wconf 88' lang='lat' dir='ltr'><strong>venenosa,</strong></span> <span class='ocrx_word' id='word_1_319' title='bbox 880 4102 1012 4176; x_wconf 85' lang='lat' dir='ltr'><strong>colicas,</strong></span> <span class='ocrx_word' id='word_1_320' title='bbox 1050 4099 1144 4161; x_wconf 88' lang='lat' dir='ltr'><strong>febris</strong></span> <span class='ocrx_word' id='word_1_321' title='bbox 1152 4144 1161 4177; x_wconf 90' lang='lat'><strong>,</strong></span> <span class='ocrx_word' id='word_1_322' title='bbox 1189 4103 1275 4176; x_wconf 87' lang='lat' dir='ltr'><strong>ileos,</strong></span> 
     </span>
     <span class='ocr_line' id='line_1_39' title="bbox 133 4194 1276 4276; baseline 0.011 -23"><span class='ocrx_word' id='word_1_323' title='bbox 133 4194 248 4254; x_wconf 85' lang='lat' dir='ltr'><strong>botbor</strong></span> <span class='ocrx_word' id='word_1_324' title='bbox 260 4208 290 4255; x_wconf 89' lang='lat' dir='ltr'><strong>et</strong></span> <span class='ocrx_word' id='word_1_325' title='bbox 309 4199 489 4276; x_wconf 84' lang='lat' dir='ltr'><strong>malifranci,</strong></span> <span class='ocrx_word' id='word_1_326' title='bbox 507 4206 637 4266; x_wconf 87' lang='lat' dir='ltr'><strong>aliorum</strong></span> <span class='ocrx_word' id='word_1_327' title='bbox 660 4207 750 4267; x_wconf 90' lang='lat' dir='ltr'><strong>etiam</strong></span> <span class='ocrx_word' id='word_1_328' title='bbox 772 4208 950 4268; x_wconf 90' lang='lat' dir='ltr'><strong>morborum</strong></span> <span class='ocrx_word' id='word_1_329' title='bbox 968 4200 1171 4276; x_wconf 80' lang='lat' dir='ltr'><strong>diversitatem</strong></span> <span class='ocrx_word' id='word_1_330' title='bbox 1196 4206 1276 4266; x_wconf 87' lang='lat' dir='ltr'><strong>facit.</strong></span> 
     </span>
     <span class='ocr_line' id='line_1_40' title="bbox 134 4293 1274 4387; baseline 0.006 -29"><span class='ocrx_word' id='word_1_331' title='bbox 134 4294 161 4358; x_wconf 96' lang='grc' dir='ltr'><strong>Ο</strong></span> <span class='ocrx_word' id='word_1_332' title='bbox 185 4295 299 4358; x_wconf 90' lang='lat' dir='ltr'><strong>tristem</strong></span> <span class='ocrx_word' id='word_1_333' title='bbox 322 4293 546 4379; x_wconf 85' lang='lat' dir='ltr'><strong>ignorantiam,</strong></span> <span class='ocrx_word' id='word_1_334' title='bbox 569 4327 669 4387; x_wconf 91' lang='lat' dir='ltr'><strong>quaa</strong></span> <span class='ocrx_word' id='word_1_335' title='bbox 691 4306 825 4383; x_wconf 88' lang='lat' dir='ltr'><strong>medico,</strong></span> <span class='ocrx_word' id='word_1_336' title='bbox 857 4305 931 4368; x_wconf 92' lang='lat' dir='ltr'><strong>dum</strong></span> <span class='ocrx_word' id='word_1_337' title='bbox 951 4327 1071 4369; x_wconf 86' lang='lat' dir='ltr'><strong>oausam</strong></span> <span class='ocrx_word' id='word_1_338' title='bbox 1095 4307 1274 4386; x_wconf 85' lang='lat' dir='ltr'><strong>aegrotatio·</strong></span> 
     </span>
    </p>
   </div>
   <div class='ocr_carea' id='block_1_3' title="bbox 0 0 1408 4800">
    <p class='ocr_par' dir='ltr' id='par_1_3' title="bbox 0 0 1408 4800">
     <span class='ocr_line' id='line_1_41' title="bbox 0 0 1408 4800; baseline 0 0"><span class='ocrx_word' id='word_1_339' title='bbox 0 0 1408 4800; x_wconf 95' lang='lat' dir='ltr'><strong> </strong></span> 
     </span>
    </p>
   </div>
  </div>
 </body>
</html>
