2806 4800
598 255 678 327 239⁴

66 445 191 524 ignoro:
223 441 369 505 ordinatis
401 439 658 522 denique-causis
686 440 902 515 retentasse,
923 440 992 520 quis
1016 437 1148 516 dubitat,
1171 439 1208 508 de

66 548 180 628 quibus
203 548 354 607 humanae
375 544 532 617 scientiae,
563 564 625 633 pro
646 545 759 624 quihus
780 555 882 606 nostra
905 539 1069 619 disputatio
1090 563 1208 622 semper

51 647 187 722 existit,
210 660 309 726 qtram
339 644 371 702 in
394 645 522 705 scholis
519 644 782 724 philosophorum
814 653 845 704 et
870 640 1082 705 studiosorum
1108 648 1210 723 palam

67 738 308 810 disseruimus.
314 745 564 824 Prognosticutn
598 752 676 809 vero
699 732 897 808 basilianae
904 729 1002 808 false
1008 761 1062 806 me
1090 745 1211 808 vidisse

67 850 196 911 asseris'e
184 845 395 908 medicinam
405 848 561 928 profiteor,
575 855 634 928 pro
641 860 727 931 qua,
739 856 893 931 quantum
900 836 1092 928 expediebat,
1113 859 1210 910 astro·

69 949 189 1008 nomiae
214 936 374 1026 'ins'udari3
407 946 619 1029 quapropter:
634 950 788 1029 prolixius
817 942 910 1030 super
942 950 1008 1010 eius
1036 947 1211 1012 defensione

68 1064 167 1112 tecum
187 1049 284 1110 rixari
304 1048 392 1110 iraud-
411 1051 513 1112 velim.
550 1037 672 1113 iiumo'
688 1048 836 1111 Botti'rus
847 1093 856 1126 ,
882 1048 920 1110 de
941 1051 1064 1111 scientia
1085 1050 1211 1113 demun-

68 1152 193 1214 strativa·
212 1150 365 1231 loquens,
384 1152 547 1213 theosim
531 1172 569 1212 sn
591 1155 692 1214 nullo
689 1152 786 1213 laesit
792 1195 802 1229 ,
824 1172 881 1213 nec
898 1164 976 1232 puto
988 1143 1152 1230 theologos
1173 1152 1211 1213 de

25 1330 29 1339 Ι
69 1250 127 1313 deo
160 1249 367 1313 demonstrare
407 1254 497 1315 v'elle
516 1253 745 1331 contendere,
769 1270 831 1315 nee
867 1253 971 1333 inepte
1004 1253 1211 1365 camarinensis

68 1354 189 1413 Pennus
203 1347 395 1431 theologiae
405 1354 624 1433 annologiam
621 1371 693 1417 non
721 1342 878 1418 adversari
904 1355 1057 1434 ponebat,
1088 1326 1212 1416 effectus

69 1474 202 1534 namque
221 1476 279 1534 per
300 1477 366 1516 eam
387 1457 499 1518 ostensi
529 1477 624 1538 opera
652 1471 724 1520 sunt
744 1458 867 1520 summi
878 1456 943 1534 dei,
973 1457 1078 1520 divina
1103 1461 1212 1538 provi·

69 1554 171 1617 demin
191 1577 248 1636 per
279 1556 395 1620 medias
416 1579 521 1620 causas
551 1561 675 1637 effecta,
699 1581 805 1624 verum
828 1581 961 1642 namque
989 1580 1063 1622 vero
1092 1580 1213 1638 semper

69 1673 222 1722 consonat.
272 1660 306 1723 Si
328 1661 440 1723 etenim
460 1661 578 1724 lumine
611 1676 642 1726 et
662 1666 729 1726 luce
760 1663 810 1725 dei
828 1664 955 1742 gloriam
985 1662 1212 1740 investigamus,

69 1783 144 1822 num
165 1776 195 1824 et
217 1764 350 1824 motibus
384 1777 414 1824 et
435 1767 511 1826 coeli
537 1765 644 1845 figuris
671 1766 839 1848 ceterisque
865 1779 931 1827 tum
960 1765 1125 1839 varietate,
1146 1777 1212 1824 tum

68 1861 270 1924 admiratione
299 1863 504 1926 nobilioribus
533 1865 566 1924 in
595 1863 646 1925 dei
676 1867 861 1942 agnitionem
890 1863 1139 1948 manuducimur3
1162 1866 1213 1926 iti-

69 1965 138 2028 dem
161 1981 190 2029 et
205 1968 312 2027 Dnvm
334 1977 363 2026 et
381 1967 553 2044 apostolum
574 1966 719 2041 attestari,
741 1985 803 2026 non
824 1966 926 2044 inepte
947 1963 1094 2024 dixerim:
1117 1967 1212 2042 immo

69 2090 142 2148 prae
174 2066 280 2128 ceteris
308 2065 452 2126 humanis
478 2052 644 2127 ·scieu'tiis⁹'‘⁷'
652 2053 839 2126 astronomia
878 2063 917 2124 ad
948 2064 1023 2123 haec
1058 2065 1213 2142 aptissima

71 2167 273 2248 (quamquam
299 2165 377 2225 aliae
407 2165 544 2250 possent)
574 2165 758 2245 dinoscitur5
785 2164 948 2226 rectissime
975 2166 1086 2226 etenim
1117 2169 1214 2246 magis

69 2269 235 2347 sapientem
259 2269 377 2329 felicem
399 2269 494 2346 magis
514 2269 727 2328 Anrsrornnns
750 2265 866 2327 decimo
897 2265 1066 2326 ethicorum
1092 2280 1213 2330 attesta-

69 2380 129 2440 ἣν.
182 2368 389 2445 Quamobrem
418 2384 448 2433 et
471 2392 538 2432 cum
560 2374 664 2432 Perno
687 2393 726 2430 nn
747 2369 864 2431 Arrace
885 2371 1102 2430 astronomiam
1123 2382 1212 2430 natu·-

68 2473 162 2532 rn'lem
184 2462 369 2547 theologiam
390 2469 573 2546 sentiebam,
601 2491 671 2532 eum
693 2471 829 2550 primum
853 2471 886 2530 in
915 2471 1118 2550 cognitionem
1139 2491 1213 2551 ope·

68 2595 138 2634 rum
168 2584 197 2634 et
218 2568 341 2632 tandem
368 2592 425 2650 per
453 2569 568 2633 medias
599 2592 701 2634 castsas
730 2569 769 2631 ad
797 2572 915 2650 primae
943 2571 1129 2649 agnitionem
1157 2593 1212 2634 nos

69 2673 223 2753 perducat,
244 2693 337 2754 quam
358 2671 484 2753 quidem
508 2695 595 2734 amor
617 2687 646 2735 et
667 2676 764 2734 cultus
786 2671 836 2733 dei
865 2695 905 2733 ex
933 2671 1041 2734 ordine
1061 2676 1211 2755 sequitur,

69 2797 169 2857 neque
180 2771 278 2834 fidelis
289 2771 412 2835 diffiteri
423 2772 521 2835 debet.
564 2776 646 2835 Haec
659 2773 793 2856 denique
807 2794 875 2833 cum
891 2775 981 2851 longe
990 2787 1112 2853 praeter
1125 2777 1213 2854 iusti-

68 2891 169 2940 tutum
179 2874 278 2934 dicere
287 2877 464 2953 compellor,
485 2877 609 2937 brevius
621 2895 685 2957 quo
695 2877 783 2954 potui
796 2873 879 2958 (cum
893 2872 930 2935 de
940 2876 1051 2937 nostris
1064 2897 1126 2936 non
1137 2875 1213 2961 siut)

67 2979 252 3041 retexebam.
295 2978 425 3038 Theosis
437 2997 537 3038 sacrae
553 2975 855 3053 commendationem,
871 2976 1121 3058 quorumstudiis
1132 2999 1213 3038 com-

68 3080 158 3140 missa
167 3090 224 3151 est,
246 3098 394 3158 exaequo
404 3079 566 3161 relinquo:
587 3079 637 3139 his
649 3081 715 3140 vale
727 3091 755 3139 et
766 3077 933 3139 modes-tius
947 3077 1077 3158 disputa,
1088 3079 1114 3139 si
1126 3080 1211 3138 libet.

166 3182 215 3241 De
250 3181 383 3242 fraterna
408 3194 460 3242 tua
493 3181 745 3257 commonitione,
780 3203 843 3263 qua
876 3181 954 3240 mihi
985 3178 1032 3262 (ut
1060 3181 1211 3262 scorpius)

14 3353 18 3358 1
69 3281 161 3342 irater
181 3303 230 3358 es,
258 3303 325 3356 eas,
349 3304 425 3363 quas
447 3281 564 3358 debeo,
592 3285 703 3361 gratias
725 3285 840 3357 habeo,
872 3303 951 3363 quae
981 3282 1040 3342 nisi
1062 3282 1140 3342 mihi
1164 3303 1213 3342 er·

67 3385 189 3445 roribus
219 3378 281 3443 tuis
310 3381 512 3462 comparanda
541 3397 633 3460 esset,
663 3386 778 3462 gratior
798 3384 918 3445 fuisset:
950 3395 984 3444 tu
1007 3384 1136 3446 enimsi
1164 3405 1212 3446 sa·

67 3505 174 3560 peres,
208 3486 339 3545 aliorum
370 3483 534 3545 sententias
567 3497 725 3564 expectare
757 3483 931 3563 debuisses3
972 3497 1110 3564 suspecta
1131 3486 1213 3546 enim

69 3593 130 3655 est,
162 3603 255 3662 quam
283 3586 349 3664 ipse
381 3585 438 3646 tibi
465 3583 573 3662 fingis,
606 3586 712 3665 opinio
743 3599 773 3647 et
800 3589 867 3647 laus
893 3587 1003 3667 inanis,
1048 3588 1211 3649 Terminus

68 3701 130 3741 non
151 3682 363 3762 exposuerim,
391 3688 503 3747 iterum
533 3689 681 3766 causaris3
712 3689 875 3769 putabam,
906 3709 973 3749 cum
997 3686 1150 3748 doctorem
1182 3701 1211 3747 te
1242 3751 1246 3759 „

65 3794 204 3861 reputas,
233 3786 343 3845 harum
364 3800 394 3848 te
413 3808 516 3846 rerum
545 3809 692 3866 gnarum,
723 3811 778 3849 nec
805 3789 1022 3868 incipientibus
1052 3807 1210 3848 conversa·

66 3888 131 3946 bar.
173 3885 207 3948 Si
227 3905 395 3965 puerorum
416 3906 501 3946 more
522 3888 613 3947 horas
636 3907 698 3947 non
720 3888 874 3963 triverim,
896 3908 987 3948 nemo
1009 3880 1125 3968 peritus
1153 3885 1210 3943 im·

66 3987 195 4062 putabit.
230 3986 662 4065 Consignifimtivispartibus
684 3988 895 4065 grammaticae
916 3989 1033 4048 curiose
1055 4007 1127 4047 usus
1149 4005 1210 4046 uota

67 4084 143 4158 sim,
163 4085 239 4166 quid
259 4085 374 4148 latras?
414 4090 545 4149 Possunt
559 4089 671 4148 etenim
692 4089 772 4148 inter
793 4086 986 4147 scribendum
1007 4089 1090 4149 varia
1111 4089 1211 4166 appli-

67 4185 144 4244 cari:
163 4195 238 4246 ‘non
261 4199 304 4246 est
326 4186 411 4268 quod
433 4187 584 4248 medicum
604 4189 638 4248 in
661 4191 719 4249 hoc
749 4189 872 4249 turbare
893 4186 1018 4264 debean
1053 4189 1079 4247 si
1099 4189 1210 4250 etenim

67 4286 188 4365 vulgari
209 4287 303 4350 verbo
325 4299 355 4347 ts
375 4288 543 4363 coesvice’ro,
564 4303 723 4378 superatus
745 4309 805 4350 non
826 4288 876 4365 sis,
896 4289 975 4350 forte
996 4286 1191 4349 aestimabis?
