2806 4800
703 221 752 293 78

156 421 184 471 ct
211 406 251 470 ud
278 404 519 487 refrigerandum
554 408 711 488 sanguinis
748 409 897 473 fervorem
929 421 959 470 et
995 406 1035 469 etl
1068 407 1297 490 reprimendum

156 513 272 574 colerae
300 531 426 574 acumen
453 525 485 573 et
504 509 544 573 stl
570 504 766 575 excitandum
797 514 984 594 appetitum,
1012 514 1088 576 licet>
1109 515 1299 577 stomachum

156 614 341 678 habentibus
361 613 493 677 calidum
513 616 558 678 uti
576 629 647 678 unte
666 618 769 679 cibum
790 617 940 680 fructibus
960 615 1080 697 frigidis
1101 618 1241 693 acetosis,
1265 631 1301 680 ut

157 719 257 795 ribus,
280 717 434 794 berberis,
455 739 556 780 ceraso
575 732 711 797 acetoso,
732 734 858 801 gmnatu
886 732 1003 782 acetosa
1024 733 1053 782 et
1073 741 1180 797 muza,
1208 739 1302 800 ponta

156 819 304 896 curantia,
323 837 433 899 purus,
455 840 542 882 mora
554 822 626 883 celsi
645 842 708 884 non
727 843 768 884 ex
784 835 853 884 toto
870 833 1001 883 motura.
1042 821 1212 884 Fructuum
1227 841 1302 884 ven*

156 935 234 983 trem
254 920 450 997 lenientium,
472 918 520 1004 (ut
541 934 612 984 sunt
633 944 734 1003 pruna
755 905 949 998 demosceus,
971 943 1056 984 mom
1077 924 1165 1001 celsi,
1184 924 1301 1004 persice

158 1037 276 1087 motura
282 1067 292 1101 ,
320 1044 421 1086 ceraso
443 1021 562 1099 dulcis,
585 1045 679 1106 poma
699 1023 820 1101 dulcia,
853 1046 949 1101 uvoe,
978 1027 1113 1088 melones
1125 1024 1194 1110 etc.)
1227 1047 1302 1089 usus

158 1125 341 1194 estmuiorit
360 1126 535 1188 nocumenti
553 1128 586 1186 in
603 1125 776 1206 generando
799 1126 1009 1207 putrescibiles
1031 1139 1061 1189 et
1082 1129 1302 1192 armorumue.-

158 1251 216 1308 res,
237 1249 331 1312 qusm
340 1229 553 1292 iuramentum
569 1249 677 1291 eorum
696 1230 730 1289 in
743 1225 885 1290 leniendo
894 1251 905 1304 3-
926 1249 1022 1311 quere
1042 1229 1081 1290 ub
1095 1230 1139 1292 eis
1158 1251 1242 1296 nunc
1257 1244 1303 1294 est

158 1329 372 1396 abstinendum
394 1342 424 1392 et
439 1329 571 1393 maxime
592 1352 610 1391 a
636 1329 755 1392 ficubus
775 1343 805 1393 et
822 1328 949 1408 ductilis,
971 1332 1046 1414 quia
1066 1330 1106 1392 ud
1129 1333 1223 1396 cutim
1237 1355 1303 1395 rno-

158 1438 206 1497 los
225 1444 349 1495 movent
369 1431 515 1493 humores
542 1443 573 1495 et
592 1433 765 1513 pruritum,
793 1432 926 1495 scabiem
956 1446 987 1496 et
1017 1431 1175 1513 pediculos
1197 1436 1305 1498 multi·
1375 1468 1378 1474 1

158 1537 272 1618 plicent
302 1547 331 1598 et
351 1532 462 1597 sudare
487 1535 620 1596 laeitmt:
635 1592 638 1598 ,
654 1555 764 1598 verum
796 1556 865 1597 cum
894 1533 1065 1616 amygdslis
1096 1535 1238 1604 dulcibus
1251 1547 1303 1603 „et

159 1639 287 1702 nucibus
315 1637 417 1700 minus
445 1650 515 1700 sunt
537 1640 621 1700 tueli.
679 1640 810 1703 Fructus
838 1641 969 1721 stiptici‚
1000 1653 1034 1703 ut
1063 1640 1148 1720 pire,
1180 1651 1303 1702 coctana

160 1753 259 1803 sumtu
284 1753 354 1803 unte
384 1740 502 1816 cibum,
531 1753 667 1805 ventrem
698 1743 926 1822 constringunt,
959 1755 1028 1823 post
1057 1743 1158 1820 cibum
1187 1744 1304 1819 laxant,

161 1842 389 1925 comprimendo
420 1845 537 1906 cibum:
569 1845 714 1929 frequens
745 1859 848 1913 tomen
876 1867 983 1910 eorum
1015 1867 1089 1910 tuus
1118 1847 1244 1918 colicam
1274 1859 1305 1908 et

161 1948 300 2012 dolorem
328 1948 536 2010 iuncturarum
558 1961 699 2029 generet:
743 1962 774 2014 et
805 1948 900 2014 crudo
920 1951 1037 2031 gutturi
1061 1965 1091 2014 ct
1111 1951 1229 2032 pectori
1249 1969 1306 2015 no·

160 2066 236 2114 cent.
278 2051 411 2116 Meliore
426 2064 499 2115 sunt
519 2066 611 2130 coctu,
633 2066 702 2134 post
722 2056 935 2129 comestionem
957 2075 1027 2116 cum
1046 2050 1219 2128 coriandro,
1238 2052 1306 2114 foe·

161 2159 263 2220 niculo
301 2158 352 2217 vel
382 2176 475 2218 cervo
510 2170 624 2234 scmus,
662 2156 835 2234 reprimunt
863 2157 945 2218 euim
975 2175 1105 2236 vapores
1139 2152 1179 2215 ad
1212 2165 1305 2234 caput

160 2255 367 2332 ascendeutes,
389 2276 423 2317 os
441 2257 589 2317 stomachi
611 2253 789 2318 clsutlendo.
833 2257 921 2319 Uvae
940 2257 1027 2317 ulbne
1048 2255 1306 2319 motureemelio·

161 2380 211 2421 res
233 2371 318 2434 sunt,
346 2369 376 2419 et
397 2357 459 2420 sint
480 2358 620 2418 collectae
642 2377 700 2437 por
714 2370 783 2421 tres
802 2359 852 2421 vel
872 2369 1005 2439 quotuor
1026 2354 1108 2433 diso,
1139 2371 1305 2440 antequam

162 2459 374 2538 concedantur3
410 2479 518 2523 verum
539 2472 689 2522 ventrem·
703 2461 826 2538 laxent,
858 2461 967 2524 inllsut
996 2474 1028 2524 et
1057 2461 1177 2525 vesicae
1196 2475 1306 2526 nocent

162 2579 291 2649 propter
311 2561 466 2655 crudum,
479 2583 573 2646 quem
594 2577 755 2642 generent,
775 2565 968 2632 humor-eun*
991 2563 1078 2635 Uvae
1098 2585 1214 2646 possae,
1237 2585 1305 2627 cum

162 2671 258 2732 arillis
278 2680 435 2744 comestae,
463 2667 654 2731 stomachum
676 2668 824 2747 etlrepsr
842 2668 1013 2733 coulortsnt
1036 2682 1065 2731 et
1085 2668 1305 2752 oppilatiooem
1392 2735 1393 2738 ,

163 2783 331 2836 mmorent.
382 2769 455 2835 Sine
473 2771 570 2835 arillis
590 2791 665 2834 vcro
694 2783 856 2834 comestae.
873 2783 1009 2835 ventrem
1038 2773 1144 2835 laxent
1177 2783 1207 2833 et
1233 2782 1305 2833 sunt

164 2886 343 2938 consecute
366 2875 414 2936 vel
435 2887 505 2955 post
525 2874 627 2937 cibum
649 2885 776 2941 summe.
826 2873 970 2949 Pusmlse
1000 2886 1071 2941 suut
1095 2874 1178 2946 ,boui
1192 2961 1193 2964 Ἴ
1207 2872 1306 2943 nutri·

164 2978 274 3055 ruenti,
294 2989 481 3062 quoeunque
501 2975 594 3043 modo
615 2988 785 3041 suumntur.
829 2973 961 3050 erondo
982 2990 1052 3039 onte
1064 2977 1167 3037 cibum
1180 2996 1307 3042 sumun-

164 3097 233 3161 tur,
254 3082 398 3164 pectori,
415 3083 588 3158 clumacho,
616 3080 766 3145 intestinis
796 3092 825 3143 et
847 3079 1042 3161 singulariter
1062 3077 1166 3156 hepati
1186 3095 1306 3154 compe-

164 3199 243 3250 tunt.
286 3182 474 3269 Amygdslse
502 3207 571 3249 cum
602 3204 728 3250 zuccaro
757 3183 926 3260 confectae,
947 3183 998 3249 vel
1020 3190 1184 3253 recentes,
1203 3178 1253 3242 vel
1273 3176 1305 3236 in

164 3300 246 3368 uque
265 3289 453 3364 remollitse,
486 3286 611 3370 quando
641 3287 839 3368 digereretur,
869 3295 999 3366 prosunt
1026 3280 1147 3362 pectori
1176 3291 1206 3341 et
1235 3275 1307 3341 daut

165 3391 283 3450 bonum
305 3390 556 3451 nutrimentum..·
579 3391 692 3454 Pincus
712 3391 863 3455 confectae
879 3399 1009 3468 prosunt
1029 3384 1154 3466 pectori,
1174 3381 1308 3454 cerebro,

83 3528 86 3533 -
167 3488 269 3550 nervis
299 3499 329 3548 ct
358 3487 561 3567 impinguans
618 3491 783 3554 Avellanse
811 3511 923 3570 parum
949 3489 1132 3558 ‚torrefactus
1158 3488 1209 3549 rel
1239 3503 1307 3544 cum

166 3586 463 3648 zuccarocoulectce
483 3599 614 3668 prosunt
634 3590 757 3651 cerebro
782 3603 811 3653 et
832 3591 948 3667 hepati.
967 3630 971 3654 2
989 3591 1090 3659 Nuces
1109 3605 1178 3654 cum
1201 3600 1308 3656 stfflyss·

166 3686 244 3750 ‹lulis
265 3698 412 3748 comestae
431 3701 505 3750 sunt
530 3687 646 3768 tyriocs
676 3689 807 3768 piscium
836 3701 867 3750 et
895 3686 1008 3751 virides
1027 3699 1102 3761 sunt¹
1119 3686 1222 3744 uriuus
1243 3699 1307 3747 mn·

166 3791 241 3851 lues:
259 3786 366 3848 ¹Nuces
386 3784 525 3850 condisse
546 3807 616 3850 cum
638 3788 735 3853 bouis.
752 3801 785 3852 et
805 3788 981 3868 temperatis
1010 3784 1167 3868 speciebus
1189 3781 1308 3844 coulor·

168 3900 232 3953 tuot
252 3889 508 3953 stomscltum..et
538 3905 668 3970 prosunt
694 3892 827 3971 gutturi,
854 3892 1033 3972 praesertim
1061 3907 1166 3959 succus
1194 3905 1308 3946 eurum.

168 3990 632 4061 Nuusscum·licubusnet..rute
651 4009 694 4061 et.
708 3993 828 4068 modico
857 3995 1008 4066 sulcante
1037 3993 1141 4066 cibum
1162 3999 1309 4058 comestae

169 4102 365 4180 suot=contre
377 4116 477 4164 omne
498 4112 651 4165 uenenum
670 4098 829 4179 tyriaca...
852 4097 1057 4176 Leguminum
1070 4113 1211 4172 corpora
1239 4101 1310 4153 tunt

170 4192 313 4272 runem,
327 4198 605 4278 :quim-influeret
622 4199 737 4279 cupiti.
750 4211 879 4276 nocent,
911 4199 1089 4278 sanguinem
1113 4183 1254 4274 grossum
1281 4204 1311 4255 et

170 4299 399 4375 uulmmticum
423 4304 742 4379 emeretr-tumuitus
764 4301 1012 4396 leutes„3lubse,
1045 4300 1137 4381 pisse.
1185 4295 1310 4365 Multus
