2806 4800
606 238 722 313 ,232

132 421 243 485 Circa
271 422 528 485 correlarium
557 419 766 483 secundum
790 421 1053 485 conclueionio
1083 424 1235 488 tertiae.

578 525 635 603 (Xe
655 523 790 610 1³⁰199l·

197 633 343 694 Dromo
364 630 462 713 iptio·
496 627 660 711 prudentia
687 650 737 691 me
758 628 924 691 cautiorem
937 628 1035 703 seut,
1061 627 1117 711 qui
1144 642 1259 692 nonina

112 735 362 799 contumeliosum
394 744 425 795 et
453 730 633 796 maledicum
654 731 788 808 timim,
816 730 972 813 reliquum
1003 752 1077 794 vero
1107 752 1127 793 e
1154 729 1260 793 nodio

111 834 243 899 euclidit.
289 837 351 911 Tu,
368 835 425 918 qui
435 856 498 896 nec-
511 835 680 898 innumerie
689 834 834 899 conviciis
851 854 990 915 unquam
1002 834 1182 912 efferbuisti,
1202 855 1259 895 na·

111 951 200 1001 turae
219 934 340 1000 tandem
361 948 433 996 tuae
455 934 569 1014 cedam,
589 936 693 1001 efficit.
735 936 783 997 An
802 935 943 996 hominen
959 955 1038 1009 mee,
1059 937 1259 1014 tuavemagie

112 1052 239 1109 utantur
250 1037 433 1115 conditione,
454 1040 582 1119 poeitioz
604 1039 649 1117 hi,
663 1038 725 1121 qui
744 1030 847 1113 uelint,
867 1034 1011 1098 iudicent.
1025 1037 1111 1097 Dixi
1125 1040 1260 1099 malum·

111 1142 251 1204 fflncum
264 1153 294 1202 et
306 1161 396 1221 parce
413 1143 595 1202 morbos-ox
609 1140 687 1202 adria
714 1139 911 1219 corruptione
924 1151 1061 1201 caueatoa
1087 1140 1169 1200 ultra
1184 1141 1259 1201 cali·

112 1242 187 1306 dum
201 1255 233 1305 et
244 1241 406 1304 humidum
417 1244 532 1305 habere
551 1263 672 1309 caueam
683 1243 846 1305 occultam:
866 1261 907 1302 an
919 1242 1072 1321 improbe,
1092 1237 1258 1325 (quamum

110 1360 146 1410 tu
157 1343 276 1430 obiicio)
285 1347 462 1408 Auernum
474 1347 568 1415 verba
579 1347 636 1407 boc
647 1356 828 1420 monatrant,
842 1365 910 1406 cum
922 1344 1087 1421 ait‚ae1em
1098 1342 1258 1422 corrumpi

110 1461 239 1528 propter
257 1468 323 1508 rem
344 1449 521 1525 coelestem,
548 1449 634 1510 cuitu
663 1437 795 1531 quelitae
815 1461 860 1511 eet
883 1449 1061 1515 hominibue
1090 1447 1257 1526 incognita.

110 1545 232 1610 Deinde
252 1548 341 1610 lseeo
361 1549 414 1610 ille
434 1549 564 1611 famatue
587 1547 720 1610 dicebat:
749 1550 890 1632 quamvis
909 1548 1044 1612 medicue
1064 1550 1185 1628 ignorat
1205 1569 1257 1608 ra-

111 1649 227 1733 tionem
248 1662 373 1712 eventus
392 1651 597 1731 pestilentiae,
617 1651 729 1713 acilicet
750 1673 769 1712 a
789 1673 879 1714 cauea
902 1652 1064 1734 superiori,
1085 1650 1144 1710 niei
1167 1669 1259 1728 prae·

111 1751 178 1814 viee
198 1764 227 1812 et
249 1751 398 1814 intellecta
420 1752 543 1814 scientia
563 1764 664 1815 motus
686 1752 859 1829 stellarum,
885 1765 987 1815 tamen
1007 1765 1052 1814 eat
1086 1751 1160 1813 utile
1181 1751 1258 1813 ecri-

112 1855 185 1916 bere
215 1855 275 1915 hoc
300 1855 334 1915 in
360 1855 448 1916 libris
477 1852 661 1933 medicinae3
693 1867 724 1916 et
750 1855 820 1916 licet
851 1853 986 1918 medicus
1006 1875 1069 1916 non
1089 1855 1187 1934 poenit
1206 1874 1259 1915 re-

110 1976 249 2038 pugnare
277 1957 375 2018 motui
404 1958 578 2032 etellarum,
611 1969 735 2032 tamen,
772 1955 857 2040 quod
885 1957 1042 2037 corruptio
1076 1957 1159 2019 ae'rie
1192 1975 1258 2018 non

32 2064 35 2069 “
110 2058 278 2140 imprimit,
297 2059 358 2120 niei
377 2059 557 2138 corporibus
576 2060 710 2139 paratis,
732 2060 910 2122 mortalitati
930 2072 1031 2140 potent
1050 2056 1186 2120 medicus
1207 2081 1258 2121 re·

16 2244 18 2248 .
110 2180 248 2241 pugnare
275 2182 347 2223 cura
375 2161 545 2241 praeviaiva
573 2161 796 2241 ooooclrymiam
827 2159 977 2224 solvendo
1003 2172 1034 2224 et
1066 2161 1260 2240 huiusmodi,

112 2282 193 2345 quae
215 2240 381 2324 nocendaria
400 2275 488 2324 eunt:
516 2263 591 2323 haec
610 2264 710 2323 leaeo.
764 2263 803 2324 Et
829 2264 942 2325 iterum
969 2263 1129 2324 Auum
1156 2264 1259 2342 prima

112 2364 228 2445 quarti
247 2363 382 2442 capitulo
403 2364 531 2443 proprio
554 2361 644 2425 dicit:
662 2362 848 2448 quandoque
867 2363 1012 2427 accidunt
1026 2362 1259 2445 putredineein

111 2464 312 2527 interioribus
330 2478 430 2527 terroe
448 2476 578 2544 propter
598 2485 718 2543 mutae,
738 2487 871 2549 quamrm
883 2477 1011 2530 eventus
1029 2467 1207 2545 ignoratur,
1226 2481 1259 2531 et

111 2567 227 2628 iaciunt
247 2587 356 2629 nocere
375 2575 480 2640 ae'rem
502 2580 531 2629 et
550 2589 672 2650 aquam.
719 2570 830 2633 Nonne
852 2583 881 2632 et
902 2571 961 2632 hoa
982 2568 1149 2632 medicinae
1168 2583 1259 2632 auto·

110 2670 185 2746 ree,
198 2667 458 2752 quemadmodum
477 2669 582 2731 innata
602 2681 656 2731 tua
677 2672 846 2734 temeritate
865 2673 960 2749 eolee,
988 2669 1118 2751 pecudea
1138 2691 1261 2732 nuncu-

109 2773 221 2854 patio?
249 2775 397 2837 Putabam
407 2771 599 2856 quandoque
614 2784 647 2834 te
666 2775 843 2855 peritiorem
864 2787 896 2836 et
918 2775 1081 2837 honeetum
1100 2774 1198 2852 magia
1210 2773 1259 2833 iu·

111 2890 226 2939 turum.
268 2880 427 2940 Praeterea
449 2897 540 2953 vero,
570 2898 673 2940 nonne
705 2880 810 2939 multu.
829 2890 903 2939 nunt
931 2875 1049 2939 medico
1077 2877 1260 2952 notieeeirna,

112 2999 246 3063 quorum
266 2976 401 3062 denique
421 2999 524 3040 caueae
545 2980 683 3058 ignorat,
707 2991 737 3040 te
758 2996 959 3040 commoneo..
988 2979 1154 3041 Scomonea
1173 2999 1262 3040 nam·

112 3103 174 3166 quo
193 3083 325 3145 coleram
345 3095 471 3162 purgat,
500 3083 571 3163 quie
591 3063 785 3142 medicorum
800 3079 937 3159 ignorata
971 3081 1014 3142 ob'
1032 3101 1125 3162 quem
1157 3092 1260 3141 autem

112 3206 233 3248 mtream
253 3195 375 3266 praeter
396 3187 554 3260 occultam,
574 3197 608 3246 tu
629 3184 709 3246 forte
732 3184 838 3246 unicue
860 3183 1052 3247 monatrabie.
1094 3182 1129 3245 Si
1146 3182 1260 3243 etenim

110 3287 270 3350 meniieeta
288 3287 440 3350 eufficeret
460 3286 586 3349 adhaec
602 3287 754 3369 qualitae,
774 3289 865 3366 longe
878 3287 997 3363 ⁴lortius
1019 3287 1115 3366 piper·
1124 3288 1204 3347 hunc
1214 3286 1261 3347 ia·

109 3401 191 3451 ceret
210 3391 429 3468 operationem.
489 3387 685 3471 Quapropter
711 3404 741 3452 et
768 3389 858 3454 dirue
880 3391 946 3470 ipae
966 3391 1076 3450 Masun
1095 3390 1156 3450 ait:
1193 3409 1258 3451 me·

110 3487 210 3550 dicina
230 3491 365 3554 laxativo
386 3513 448 3554 non
472 3505 518 3554 eet
541 3495 752 3574 complexione
773 3493 834 3570 oio,
861 3492 914 3555 eed
936 3494 1010 3576 quia
1040 3493 1140 3566 talies
1154 3513 1256 3576 neque

56 3578 59 3584 ¹
108 3603 144 3654 ut
176 3592 361 3653 contrarium
388 3595 422 3654 in
457 3596 659 3671 contrarium,
690 3615 790 3676 neque
821 3595 895 3677 quia
927 3595 1028 3657 simile
1060 3595 1255 3658 atti-activum

108 3693 218 3771 huius,
248 3714 351 3776 neque
379 3698 453 3779 quia
483 3716 576 3776 grave
603 3708 658 3758 eut
677 3697 761 3775 leve3
797 3696 851 3759 eod
880 3698 954 3781 quia
993 3697 1125 3761 coelesti!
1142 3696 1253 3757 virtute

107 3797 263 3875 dolatum,
283 3785 432 3860 mixtione
452 3799 549 3879 ipeiua
569 3801 746 3880 regulante
787 3801 871 3862 Haec
891 3802 1033 3861 Mrem
1064 3801 1151 3861 Hanc
1167 3815 1251 3860 occu·

98 3912 156 3965 tue
180 3915 304 3982 patrum
336 3899 505 3964 doctrinam
537 3900 604 3964 dixi
632 3901 750 3966 medico
780 3917 909 3981 notum,
941 3900 1039 3964 calido
1069 3915 1099 3965 et
1125 3897 1254 3964 humido

105 4013 223 4063 tantuna
250 4016 366 4084 pectem
395 4025 458 4066 non
491 4003 646 4086 prodire,¹
674 4018 883 4068 verumtamen
921 4025 1101 4067 concurrere
1128 4000 1256 4087 aliquod

105 4105 283 4180 occultum,'
308 4119 384 4186 puta
410 4093 594 4169 venenosam
633 4109 810 4189 qualitatem
844 4121 875 4171 ct
908 4107 988 4169 aeris
1018 4107 1257 4186 corruptionem,

106 4205 192 4269 cuiue
211 4227 331 4268 naumm
352 4212 418 4289 ipse
439 4224 473 4272 ut
494 4212 562 4272 talia
582 4211 714 4288 ignorat.
764 4213 832 4273 Hoc
859 4224 889 4274 et
908 4212 1071 4283 Ariorum
1092 4209 1187 4272 tontit
1209 4227 1257 4270 ee·

106 4305 204 4370 cunda
225 4308 318 4389 primi
339 4300 457 4373 dicem:
485 4322 539 4374 aer
559 4323 695 4374 mutatur
717 4312 751 4374 in
771 4334 803 4375 ce
825 4324 855 4375 ot
875 4311 1145 4388 substantiatum,
1167 4323 1202 4372 ut
1221 4310 1255 4371 in
