2806 4800
663 208 710 280 56

125 412 236 471 quere,
265 391 298 450 in
320 393 560 453 mentem'renit
589 391 625 451 ad
657 405 752 455 castra
784 393 1021 454 licerium-mox
1048 392 1256 475 lestinandurn

125 515 205 569 asse,
218 495 252 555 'si
273 507 301 556 et
323 497 380 557 ista
400 493 573 569 iocdajlues
596 496 845 556 militum—comes
866 496 959 570 iores,
977 517 1018 556 ex
1038 497 1124 558 cuius
1143 502 1259 563 eventu

122 597 321 674 ,coniecturari
348 612 465 678 poscet,
496 600 675 660 universum
700 620 793 678 genus
824 600 991 660 hisusauusn
1025 602 1089 662 eius
1119 600 1261 664 foeditati

126 701 294 762 obnoxium
322 700 445 760 foraret
466 722 521 778 per
549 722 614 760 eam
647 700 722 760 illud
746 703 918 762 vaticinium
940 703 1074 781 expleri,
1102 701 1188 784 quod
1207 725 1260 767 ex
1344 779 1346 782 ι

127 803 283 864 Tiberino·
295 802 420 863 flumine
439 804 546 881 paullo
568 816 636 863 ente
649 816 812 864 *evenerata
846 801 1003 865 lucidente
1028 805 1158 865 interim.
1174 809 1259 869 clan-

127 926 209 983 gore.
228 906 381 966 tubarum:
401 919 431 966 er
452 927 601 988 equorum
618 908 772 986 strepitu,
800 928 920 967 cursum
948 909 1089 988 proxime
1113 913 1199 972 ¹ualla
1227 925 1260 974 ct

126 1031 259 1088 aggeres,
282 1011 394 1092 quibiu
415 1023 531 1072 turmae
553 1023 584 1073 et
598 1013 734 1073 cohortes
755 1013 967 1092 circumseptae
988 1015 1118 1088 fumant,-
1136 1012 1260 1078 deflexi.

129 1114 218 1173 Tunc
246 1113 324 1175 forte
352 1111 491 1175 induciae
516 1115 701 1174 celebratae:
734 1116 835 1177 hostes
857 1117 1011 1198 utrimque
1025 1162 1028 1167 .
1042 1117 1114 1177 binc
1134 1132 1173 1179 ex
1194 1118 1259 1182 Ca-

129 1237 215 1294 num,
235 1218 395 1280 Gallorum
414 1219 508 1296 regis,
524 1217 714 1295 legionibus,
745 1219 802 1298 qui
820 1220 936 1278 ltaliam
965 1241 1036 1280 suaa
1058 1219 1168 1281 ditioni
1184 1218 1260 1282 sub·

129 1321 435 1399 iugareconabatur,
463 1321 546 1380 illinc
560 1341 639 1381 *vero
660 1342 699 1380 ex
720 1321 794 1380 Divi
813 1322 1042 1397 ntnxnnnn,
1067 1321 1205 1385 Caesaris
1228 1337 1266 1387 eo

129 1424 302 1484 Insubrium
323 1425 485 1502 Principis,
508 1424 705 1497 exercitibus,
735 1424 789 1504 qui
808 1424 995 1485 Francorum
1023 1425 1157 1488 insultus
1181 1429 1261 1489 aEIir

82 1525 86 1531 ’
132 1528 253 1595 bertatis
272 1528 375 1598 ltaliae
395 1528 517 1588 cervice·
528 1528 715 1606 propulsare·
729 1529 917 1603 laborabant,
938 1527 977 1588 ad
988 1531 1143 1611 colloquii,
1161 1531 1261 1613 rictus

131 1631 323 1711 aliorumque
343 1631 589 1691 commerciorum
611 1630 782 1691 facultatem
803 1628 998 1692 admiserunt.
1049 1630 1122 1706 Quo
1139 1635 1262 1696 iuneet
1343 1695 1344 1698 ,

131 1735 204 1812 ipse
222 1736 316 1798 fretus
345 1757 466 1818 unaque
495 1736 695 1796 familiaribus
725 1748 753 1796 et
781 1737 861 1797 notis
889 1738 1050 1798 associatus
1073 1735 1125 1797 ‘ad
1140 1759 1261 1818 ‘specu-

132 1836 238 1899 landos
266 1851 427 1901 castrenses
452 1839 587 1914 labores,
623 1839 758 1899 miserias
787 1851 816 1898 et
836 1858 994 1898 eerrsmnas
1026 1838 1262 1920 inquirendum·

133 1962 193 2022 que
220 1939 525 2020 istum‹·iucugoitum
557 1955 586 2003 et
614 1943 732 2002 fatalem
764 1943 935 2028 morbum„
950 1943 1069 2002 nullum
1096 1943 1128 2002 iu
1154 1943 1259 2004 cestris

132 2047 276 2122 ungulum
295 2047 476 2127 nullumque
504 2047 603 2106 loctrm
632 2045 810 2125 praeterivi,
840 2064 930 2125 quem
951 2065 1021 2104 ,non
1051 2038 1256 2122 diligmsi'sn-

133 2149 327 2226 vestigatione
347 2148 580 2219 examinassem,
610 2144 704 2206 donec
725 2144 817 2228 (proh
839 2142 954 2227 dolori)
974 2144 1256 2226 perniciosissimum

136 2254 264 2325 hostem,
293 2251 349 2332 qui
377 2250 515 2308 miseram
546 2249 761 2309 mortalitatem
785 2250 952 2312 afflicturus
983 2262 1013 2310 et
1041 2247 1133 2311 cinni,
1149 2260 1259 2326 genere

134 2354 282 2414 cruciatus
302 2350 505 2430 discerpturus
526 2363 588 2426 eet,
609 2351 733 2412 offendi.
1221 2366 1223 2371 ·

217 2453 342 2536 Oquid
366 2475 500 2535 uuquam
523 2455 690 2515 terribilius
715 2467 749 2516 -et
769 2454 1003 2517 abominabilius
1031 2454 1261 2517 humanius-ssu·

135 2559 219 2619 sibus
231 2555 380 2619 occiserit?
402 2556 532 2618 Difficile
554 2570 597 2618 est
610 2556 702 2631 dictu,
724 2555 838 2617 creditu
853 2557 914 2617 lere
927 2558 1125 2637 impossibile,
1147 2570 1262 2639 quanta

133 2659 312 2734 foeditatis,
330 2658 499 2741 putredinis
519 2673 549 2720 et
569 2658 704 2720 sordium
720 2662 897 2721 colluvione
918 2662 1099 2742 quantisque
1120 2657 1263 2723 dolorum

130 2765 337 2830 ‚anxietatibus
357 2766 573 2824 nonnullorum
589 2765 856 2841 militumcurpora
876 2759 1053 2824 involverit!
1076 2762 1185 2843 Aliqui
1201 2776 1263 2825 ete·

129 2869 198 2928 nim
211 2890 231 2929 a
240 2868 349 2930 vertice
358 2866 398 2927 ad
415 2889 512 2949 usque
523 2887 620 2946 genua
631 2864 763 2948 quodam
778 2864 922 2942 horrido,
936 2863 1085 2948 squalido,
1107 2867 1263 2942 continuo,

135 2970 225 3033 foedo
246 2984 275 3033 et
297 2971 385 3049 nigro
403 2972 515 3032 scabiei
548 2992 675 3050 genere,
705 2972 790 3029 nulla
803 3006 806 3014 ·
819 2981 905 3048 parte
938 2971 1027 3031 famei
1053 2968 1139 3053 (solis
1167 2971 1263 3036 oculis

128 3071 296 3157 *exemtis),
316 3095 371 3136 nec
390 3076 476 3150 col-li,
498 3073 635 3150 cervicis,
668 3075 794 3153 pectoris
822 3076 872 3135 vel
888 3075 980 3154 pubis
1001 3075 1130 3136 immuni
1147 3076 1262 3151 relicta,

138 3180 265 3258 perculsi
285 3179 327 3240 ita
344 3177 460 3241 sordidi
481 3178 760 3260 abominabilesque
786 3177 885 3239 effecti
902 3191 982 3254 siant,
1004 3176 1088 3260 quod
1105 3177 1151 3237 ab«
1162 3179 1263 3239 omui-

137 3284 194 3342 bus
216 3285 469 3345 commilitonibus
491 3282 641 3358 derelicti,
669 3305 703 3346 ac
723 3285 813 3345 etiam
835 3284 980 3362 in-plauo
1003 3297 1032 3345 et
1053 3280 1135 3344 nudo
1156 3300 1264 3360 campo

137 3383 247 3443 subdio
268 3399 512 3460 marcescentes,
544 3386 623 3445 nibil
638 3387 744 3464 ,magia
773 3406 865 3466 quam
892 3398 1021 3449 mortem
1042 3385 1263 3466 expetiverunt.

138 3487 200 3545 Alii
222 3487 298 3544 hanc
317 3487 445 3546 scabiem
466 3508 521 3565 per
542 3489 718 3562 intervalla,
745 3488 798 3549 sed
819 3491 919 3551 multo
939 3487 1261 3549 duricrcmarbo'rum

138 3589 259 3662 cortice,
281 3589 329 3650 val
338 3589 502 3668 sincipitis,
518 3590 621 3662 fronti,
643 3593 728 3667 collo,
744 3587 1221 3670 pectori,-vel‹oecipitio,natibus
1232 3595 1262 3644 ct

137 3692 204 3750 aliis
217 3691 354 3769 corporis·
370 3693 508 3771 partibus
521 3693 665 3769 ingestam
679 3699 847 3773 ⁴unguibus
857 3713 929 3774 prae
947 3690 1042 3750 nimio
1060 3687 1167 3750 dolore
1176 3689 1263 3753 esel-

138 3797 200 3855 lere
212 3793 413 3859 molitisunta.
431 3795 537 3856 Ceteri.
550 3807 631 3857 tauta
643 3818 835 3858 verrucarum
851 3791 1269 3876 etpostulacumlrequentia·
1314 3835 1319 3849 ,

139 3902 170 3960 iu
182 3901 324 3962 omnibus
335 3919 496 3979 corporum
512 3903 653 3963 membris
663 3900 888 3978 descatuerunt,
910 3895 993 3983 quod
1004 3915 1264 3960 esrumnumerus

139 4005 222 4062 nulla
233 4000 410 4065 certitudine
424 4004 579 4082 complecti
593 4006 704 4084 potuit.
741 4007 788 4066 Ex
801 4007 1002 4084 plurimorum
1013 4015 1115 4063 tamen
1125 3997 1269 4072 faciebus,

139 4105 263 4165 auribus
283 4118 312 4165 et
327 4105 457 4165 maribus
479 4104 627 4188 quaedam
649 4127 761 4168 messae
790 4120 818 4168 et
844 4108 965 4168 scabrae
987 4107 1127 4186 pustulae
1146 4102 1178 4162 in
1200 4102 1268 4163 lon·

139 4228 212 4286 gum
232 4205 527 4270 instarducillorum
547 4211 596 4271 ttel
628 4211 729 4290 potius
752 4211 973 4271 corniculorum
993 4221 1148 4288 porrectae
1177 4203 1266 4282 pesti·

141 4313 263 4394 seroque
280 4311 519 4407 putore-fluidae
538 4327 731 4396 erumpentes
750 4326 952 4377 exsarturum-
965 4310 1103 4374 dentium
1127 4306 1266 4371 siutib’tu·
1287 4323 1290 4331 “
