2806 4800
682 238 754 313 idi

144 425 219 497 coeli
239 426 348 501 saltem
369 422 589 499 subterfugiat:
622 421 706 503 quod
727 423 754 484 si
773 425 1121 493 teuent-,mathematici
1135 447 1287 491 concesse-

142 527 225 602 rlnt,
255 523 506 608 quomodoergo
527 521 860 603 tribuentrdominium
889 526 1020 604 planetis
1044 548 1136 608 super
1154 534 1287 609 aegritu·

142 627 268 695 dinibus
287 628 342 690 vel*
357 624 518 688 eventibus
538 624 731 702 inferiorum,
751 625 875 708 quando
895 627 1059 708 praecipue
1080 641 1142 693 tota
1160 629 1287 696 intuto·

141 750 211 818 rum
233 738 366 809 potestas
387 745 480 813 penes
499 727 635 804 planetas
656 747 718 787 non
739 739 797 804 est,
812 740 842 790 ct
863 726 987 809 quando
1013 729 1287 812 materiaindispo·

139 825 210 906 sita,
231 849 426 909 nuncapace-
441 826 526 920 baud
545 828 678 896 efficaces
698 833 938 911 suutplanstae,
959 844 990 893 et
1009 829 1134 914 quando
1153 830 1287 915 denique

141 935 263 997 nullum
274 932 398 1002 „habent
418 929 577 1007 effectum,
605 932 666 993 nisi
688 952 774 997 serus
791 932 937 1005 interiora
966 931 1168 1004 murotdem?
1200 933 1286 1010 Quae

141 1035 232 1101 istaec
253 1054 324 1113 ergo
346 1031 478 1103 dominii
494 1033 590 1109 sallo,
610 1053 679 1095 cum
701 1031 828 1094 fundata
850 1053 912 1095 non
932 1034 1024 1096 sitin
1038 1037 1173 1115 potentia
1186 1039 1285 1104 activa

141 1133 299 1198 coercendi
318 1128 457 1196 subditos
465 1154 479 1208 ,·
502 1132 556 1196 sed
585 1135 618 1195 in
645 1154 803 1216 superesse
821 1131 975 1199 tautum?
1026 1136 1153 1199 Nescitis
1181 1139 1285 1220 itaque

139 1239 213 1300 huic
242 1226 295 1299 rei*
322 1256 438 1316 ponere
465 1233 612 1312 modum,
651 1235 703 1310 sed
735 1259 817 1307 nunc
842 1238 1033 1316 plusculum,
1063 1258 1155 1318 quam
1191 1238 1285 1315 decet,

139 1341 224 1401 ooslo
251 1337 385 1400 tribuitis
406 1358 549 1420 nuncque
570 1337 944 1416 detrahitisnimium„et
964 1351 1122 1413 ,creaturas
1144 1352 1205 1400 tam
1227 1363 1284 1404 no·

137 1442 210 1518 bili,
233 1441 324 1502 nohis
344 1437 560 1520 suspiciendas
583 1453 613 1501 et
634 1438 831 1509 celebrandae
861 1439 1009 1507 ascribitis
1037 1441 1282 1506 insufficientiam

137 1544 292 1631 orbatione
313 1542 423 1604 vilium
447 1561 568 1618 rerum,
596 1563 674 1623 quae
705 1557 812 1623 suapte
838 1556 948 1604 natiue
979 1537 1165 1624 quandoque
1194 1544 1283 1625 fiunt,

136 1666 237 1728 nsque
257 1646 394 1708 fortassis
414 1666 536 1707 sarisam
556 1646 591 1705 in
612 1647 696 1707 coelo
710 1648 828 1707 &habent
850 1649 954 1708 ullam.
1006 1647 1073 1709 Hoc
1092 1660 1201 1710 tamen
1214 1670 1281 1712 coe·

135 1751 212 1824 liant,
231 1745 317 1830 quod
338 1746 449 1809 dicitur
469 1754 531 1823 a'c'r,
552 1768 607 1809 sua
628 1748 809 1828 intemperie
828 1749 1113 1814 facultatemlrabet
1139 1751 1281 1815 causandi

135 1847 168 1909 id
187 1850 320 1927 malum,
341 1846 426 1928 quod
447 1859 556 1909 vocant
578 1849 723 1908 morbum
742 1849 893 1926 gallicum,
907 1850 979 1911 ,sine
997 1849 1104 1925 etiatn,
1126 1866 1160 1914 ut
1180 1867 1280 1916 osten.

136 1949 256 2024 dimus,
284 1950 395 2030 quovis
425 1948 570 2026 partiario
598 1962 718 2026 agente:
754 1951 965 2012 universalitas
993 1955 1127 2033 namque
1157 1956 1281 2017 effectus

135 2048 286 2130 dependet
304 2074 343 2112 ex
365 2051 592 2140 uniuersalitatis
612 2071 685 2110 suae
706 2072 821 2114 causas.
864 2054 901 2114 Et
923 2072 978 2131 per
991 2073 1177 2136 consequens
1201 2058 1279 2116 nihil

135 2155 184 2212 vel
205 2174 315 2231 parum
337 2153 459 2213 roboris
479 2152 572 2213 habet
592 2163 645 2214 tua
667 2150 887 2215 conditionalis.

319 2316 592 2419 'Correlarium
622 2306 836 2432 secundum.
881 2304 961 2420 (Vll.
984 2337 1018 2398 C.
1043 2324 1087 2419 b.)

175 2495 177 2499 ν
218 2458 315 2537 Urges
337 2477 397 2518 nos
419 2458 469 2518 hic
489 2458 632 2519 herculeo
662 2469 858 2536 argumento,
887 2454 990 2539 quod,
1022 2468 1056 2518 ut
1086 2457 1151 2535 ipse
1177 2469 1278 2536 putas,

131 2560 269 2629 refellere
285 2557 412 2625 omnino
431 2577 637 2640 nequeamus,
657 2561 701 2620 sic
723 2560 805 2627 euim
820 2579 946 2636 arguere
960 2553 1130 2620 contendis:
1152 2561 1278 2622 morbus

130 2663 256 2741 gallicus
276 2681 317 2727 ox
335 2657 472 2741 quadam
500 2661 534 2722 in
555 2667 625 2737 abre
648 2664 764 2725 occulta
793 2661 984 2741 proprietate
1002 2659 1146 2723 ,homines
1173 2659 1277 2736 laedit,

130 2761 203 2846 ergo
224 2783 286 2825 non
308 2764 409 2839 solum
434 2784 475 2824 ex
495 2764 640 2833 a‘e‘risin-
657 2761 808 2824 caliditate
837 2775 865 2822 et
887 2759 1070 2822 humiditate
1099 2763 1276 2823 mutatione.

128 2866 305 2928 Erravimus
326 2865 431 2947 itaque
458 2886 528 2929 eum
555 2863 681 2927 domino
702 2864 877 2927 Leoniceno
906 2863 940 2923 in
969 2864 1034 2927 eius
1065 2860 1275 2944 descriptione.

127 2969 282 3030 Mirabilis
322 2968 458 3047 profecto
488 2965 625 3031 doctrina
660 2966 811 3048 fortisque
838 2965 1080 3044 augmentatio,
1114 2986 1194 3046 quae
1222 2988 1277 3027 nec

127 3071 243 3132 bimalo
261 3069 384 3146 intanti,
404 3081 439 3131 ut
460 3069 514 3131 ille
534 3070 646 3150 iuquit,
666 3064 878 3147 persuaderet!
901 3068 960 3127 Dic
978 3065 1129 3144 zophista,
1151 3067 1274 3125 ubinam

126 3173 248 3251 legitur,
268 3171 353 3255 quod
369 3175 507 3248 morbus,
529 3175 585 3254 qui
601 3171 800 3232 essentialiter
815 3171 909 3228 laesio
931 3180 985 3240 est,
1005 3163 1106 3233 laedat
1125 3163 1277 3241 mediante

127 3284 182 3336 stis
203 3271 315 3337 eausa?
352 3275 499 3351 Fugitne·
513 3287 543 3334 te
570 3273 651 3334 ratio
682 3271 800 3344 morbi,
832 3290 895 3348 qua
922 3267 1051 3341 dicitur,
1078 3267 1205 3328 morbus
1233 3281 1276 3329 est

127 3373 286 3456 dispositio
300 3392 362 3437 non
378 3374 526 3433 naturalis
547 3374 580 3433 in
603 3390 730 3448 corpore
751 3372 897 3444 humano,
919 3389 959 3428 ex
974 3389 1036 3449 qua
1057 3368 1089 3427 in
1102 3369 1277 3447 operatione
1358 3353 1361 3357 ⁴

125 3475 269 3557 provenit
301 3485 517 3535 nocumentum
546 3485 697 3554 proventu
732 3468 857 3551 primo?
911 3467 997 3544 Quae
1026 3468 1160 3551 denique
1186 3473 1277 3533 istaec

126 3576 318 3641 cohaerentia
334 3589 409 3643 ,ests
424 3576 551 3638 morbus
572 3575 697 3654 gallicus
718 3572 814 3637 laedit
835 3595 874 3649 ex
895 3574 1011 3637 occulta
1034 3571 1222 3654 proprietate
1243 3574 1274 3633 in

126 3687 214 3756 ae'rs,
236 3699 309 3757 ergo
330 3698 391 3739 non
413 3680 514 3741 solum
537 3679 679 3759 provenit
710 3699 749 3738 ex
771 3676 945 3749 mutatione.
974 3675 1039 3750 siuss
1065 3677 1099 3738 iu
1123 3675 1276 3736 caliditate

126 3796 156 3846 et
176 3776 383 3844 humiditate?
432 3779 545 3843 Nonne
574 3792 605 3842 et
626 3782 701 3841 haec
720 3780 788 3858 ipsa
808 3779 923 3851 octulta
954 3778 1103 3858 qualitas,
1132 3789 1275 3858 quaeest

125 3884 315 3960 pestilentia,
337 3893 372 3942 ut
393 3883 515 3962 saepius
534 3883 750 3962 repetivimus,
783 3879 918 3941 consistit
946 3878 978 3939 in
1001 3879 1080 3939 aeris
1107 3877 1276 3949 motatione

124 3984 291 4047 secundum
315 3984 500 4045 caliditatem
523 3996 553 4044 st
570 3981 804 4056 humiditatem,
825 4001 904 4064 quae
926 3990 969 4042 est
995 3991 1115 4059 praeter
1136 3979 1275 4057 substan·

123 4087 198 4147 tiam
222 4088 300 4148 aeria
321 4100 350 4149 et
371 4084 535 4151 naturam?
578 4087 627 4147 An
648 4085 771 4163 ignoras
791 4083 1010 4164 proprietatem
1036 4102 1156 4162 semper
1170 4081 1274 4153 ,inesse

125 4198 154 4248 st
187 4186 227 4247 ab¹
249 4207 302 4263 so,
332 4190 417 4251 cuins
447 4204 511 4268 set,
527 4208 700 4269 ,nunquam
731 4184 889 4267 separari?
932 4187 970 4246 Et
997 4186 1044 4273 itu
1071 4192 1126 4246 air
1143 4205 1275 4265 semper

125 4300 203 4352 esset
233 4288 443 4370 pestilentialis
464 4305 496 4354 et
529 4312 578 4354 res
602 4304 705 4353 contra
734 4273 898 4351 naturam?
942 4287 1045 4365 Scisne
1057 4301 1220 4370 praeterea
1240 4286 1272 4344 in

922 4403 989 4462 to*
