2806 4800
667 228 741 320 'aas

132 434 247 514 legare,
261 431 300 497 de
315 454 378 516 qno
393 431 658 514 obiecistis1qttod
676 436 818 515 nuspiam
833 435 865 495 in
884 437 1005 517 scriptis
1015 441 1125 502 nostris
1142 442 1279 515 inuenire
1363 485 1372 501 .

132 550 194 600 est:
225 535 335 599 modste
357 536 490 597 enimet
514 532 726 598 determinatio
748 537 1080 618 superbenedietissimi
1100 543 1278 605 sacramenti

133 638 279 700 dominici
305 637 441 716 corporis
470 656 509 696 ex
537 636 630 698 sacris
656 637 754 702 literis
790 651 819 702 et
850 641 990 703 ecdesiae
1016 643 1213 718 auctoritate,
1241 643 1280 705 de

133 741 248 820 quibus
270 759 326 799 nos
347 737 458 799 nullibi
480 735 633 812 diximus,
656 759 803 802 consensu
823 738 982 803 doctorum
1007 757 1140 822 canstat.;
1169 728 1280 815 cedde

134 839 334 901 etieltarbtiae
361 835 581 914 accidentibus,
609 841 778 920 quantitate
804 844 998 921 praesertim,
1031 845 1116 928 qtrod
1138 829 1281 915 ansuibus
1330 836 1335 849 ’

134 941 220 1002 licuit
239 959 422 1020 scrisperque
443 939 565 1016 licebit,
585 953 798 1020 argumentum
823 963 842 1003 a
862 943 955 1005 simili
974 948 1152 1026 accepimus.
1210 950 1280 1014 Uti·

136 1063 206 1103 nam
219 1040 390 1104 declarator
409 1044 556 1121 allegaret
577 1046 758 1107 sacramenti
778 1043 905 1109 ntodmn
927 1049 1017 1111 stab
1037 1049 1189 1113 ineffabili
1207 1075 1280 1133 per·

135 1167 278 1209 sonmttm
299 1145 333 1206 in
355 1143 476 1208 divinis*
489 1147 682 1224 processione
702 1147 882 1226 abstinerem
903 1146 980 1230 quid
1002 1151 1083 1212 euim
1105 1151 1190 1212 aliud
1209 1175 1280 1218 eon·

135 1247 250 1324 tendit,
270 1269 338 1311 cum
360 1249 615 1311 comminiscitur:
634 1251 779 1331 qualitas,
800 1271 880 1332 quae
901 1263 1002 1313 catrsat
1023 1253 1108 1315 bunc
1127 1257 1282 1331 morbum,

134 1372 197 1413 non
214 1355 317 1416 solnm
339 1374 379 1415 ex
399 1355 500 1414 calore
529 1365 558 1415 et
586 1353 717 1416 lutmore
748 1351 888 1434 procedit
917 1367 973 1417 etc.
1026 1355 1119 1419 Calor
1145 1355 1281 1438 quidem,

133 1456 362 1535 quo-nutritur,
383 1456 524 1531 humore,
544 1468 575 1517 et
599 1468 732 1538 utroque
750 1455 843 1517 simul
864 1457 1013 1538 qualitas,
1036 1479 1116 1540 quae
1138 1460 1280 1521 morbum

132 1557 273 1636 gallicum
293 1559 469 1635 concinnat,
490 1555 638 1638 procedit.
685 1557 917 1636 Mirabilissima
938 1559 1127 1638 protectam
1150 1561 1281 1642 qualita-

129 1659 213 1722 tebus
231 1660 401 1739 processio,
434 1679 527 1741 quam
550 1680 569 1719 a
601 1655 724 1720 condito
745 1678 821 1720 aevo
842 1679 935 1720 nemo
955 1661 1213 1739 philosophorum
1235 1673 1280 1723 at·

130 1761 209 1837 tigitc
260 1761 338 1820 Cum
368 1762 459 1822 etiam
490 1781 661 1840 pronomen
697 1761 752 1823 itta
781 1762 928 1824 occultam
956 1760 1215 1844 dispositionem,
1243 1762 1281 1825 de

131 1882 194 1942 qua
215 1881 315 1922 sermo
337 1859 508 1940 praecedit,
536 1862 585 1922 vel
616 1861 728 1922 referat
750 1863 798 1923 vel
823 1859 1023 1936 demonstret,
1051 1866 1210 1945 sequitur,
1231 1866 1280 1926 in·

129 1963 287 2024 fluentiam
309 1961 402 2037 coeli,
424 1980 518 2043 quam
539 1961 597 2021 hac
615 1958 777 2034 subaudit,
808 1982 847 2020 ex
868 1963 1067 2042 qualitatibus
1095 1966 1281 2026 elementali·

131 2065 190 2125 beta
210 2060 377 2125 sectandum
397 2062 644 2143 imaginationem
665 2061 858 2125 declaratoris
880 2059 1069 2141 dependere3
1091 2067 1279 2142 praeclarum

132 2169 249 2248 quippe
269 2167 449 2241 inventum,
469 2162 523 2226 sed
544 2184 607 2247 qno
624 2186 671 2226 res
691 2185 842 2244 uirgarum
864 2162 940 2226 ludo
962 2172 1136 2226 tractantur.
1180 2162 1280 2238 Quam

133 2282 177 2330 est
199 2269 289 2332 ctiam
310 2270 444 2330 alienum
466 2270 642 2348 exemplum
664 2265 762 2345 illud,
789 2267 873 2350 quod
897 2265 935 2329 de
956 2264 1119 2330 causonide
1142 2265 1278 2331 adducit:
1363 2297 1368 2305 s

132 2379 244 2445 causon
265 2373 344 2432 enim
366 2373 399 2433 iu
421 2372 635 2452 complexione
644 2394 658 2446 ¹,-
683 2371 810 2433 morbus
842 2372 969 2451 gallicus
1002 2391 1075 2433 vero
1097 2370 1129 2431 in
1155 2391 1280 2450 cotnpo·

130 2474 241 2536 sitione
263 2497 302 2538 ex
331 2487 477 2556 corrupto
508 2496 572 2537 esse
592 2473 671 2536 aeris
704 2473 736 2534 iu
759 2475 859 2536 calore
891 2486 921 2536 ct
942 2475 1073 2535 humore
1100 2473 1279 2554 praesertim

132 2578 275 2640 consistit.
315 2578 496 2658 Antipatltia
517 2577 627 2652 etiam,
655 2597 748 2657 quam
771 2576 868 2638 nostri
888 2577 927 2637 ab
956 2577 1073 2638 occulta
1093 2575 1280 2654 proprietate

129 2680 278 2743 actionem
300 2690 424 2753 vocant,
446 2675 612 2739 secundum
632 2689 764 2739 mentem
787 2677 904 2739 Gsasrr
923 2677 990 2738 sine
1011 2678 1158 2759 qttalitate
1179 2673 1279 2743 media

131 2779 242 2844 dicitur
264 2777 351 2854 fieri,
379 2800 475 2860 quare
503 2777 677 2840 manifestas
709 2778 871 2860 qualitates
902 2779 949 2838 in·
965 2779 1075 2843 morbo
1095 2779 1221 2856 gallico,
1251 2780 1278 2840 si

130 2883 300 2962 antipathia
311 2881 479 2957 conficitur,
497 2895 551 2945 atat
573 2893 694 2964 oportet
716 2903 778 2944 aon
800 2902 990 2960 concurrere,
1005 2895 1057 2946 aut
1077 2883 1197 2962 genitus
1212 2884 1277 2944 eius

129 2985 291 3049 sufficienti
311 3007 416 3048 cattsae
437 2985 577 3049 existere.
620 2983 704 3059 Ouid
727 2984 869 3066 deinceps
885 3007 946 3066 ⁴per
966 2987 1103 3067 reliqua,
1127 3007 1207 3066 quae
1229 3006 1276 3045 ca·

127 3087 206 3152 dnm
227 3101 317 3166 sum,
337 3087 505 3152 declarator
524 3089 584 3152 sibi
607 3090 697 3163 velit,
718 3089 946 3165 minustenso3
968 3087 1082 3168 quibus
1101 3097 1275 3146 tamennon

128 3195 199 3273 plus
221 3193 341 3256 roboris
361 3214 454 3274 quam
477 3192 582 3253 ceteris
603 3189 743 3251 credatur
764 3212 783 3250 a
805 3209 1003 3272 quocunqne.

157 3379 257 3451 ‚Con
278 3376 439 3440 secundi
469 3377 731 3453 conclusionis
754 3373 962 3452 secundae.
1001 3370 1078 3457 (lX,
1098 3367 1231 3454 prot.)

167 3562 168 3567 ,
214 3498 292 3561 Sunt
312 3497 449 3578 profecto
470 3498 624 3560 in'huins
646 3495 800 3559 correlarii
823 3491 1034 3582 circumducta
1060 3503 1158 3555 errata
1186 3491 1274 3570 plura

127 3621 221 3684 quam
243 3601 414 3678 enuntiata,
435 3622 569 3684 quorum
593 3603 746 3682 primum,
766 3601 793 3662 si
809 3600 902 3675 libet,
923 3596 1007 3681 quod
1028 3610 1115 3660 vasto
1133 3595 1271 3657 immani·

127 3727 189 3788 que
219 3706 304 3767 hiatu
335 3706 467 3780 evomit,
496 3703 535 3767 de
564 3725 614 3782 rc,
646 3705 807 3786 inquiens,
839 3703 1065 3781 mibi-semper
1093 3717 1165 3760 cura
1198 3697 1273 3770 luit3

127 3829 195 3868 cum
218 3807 265 3890 (ut
286 3828 376 3886 saepe
397 3806 531 3869 diximus
551 3820 581 3868 et
601 3808 712 3869 iterum
733 3816 871 3884 repetere
891 3823 955 3866 non
977 3802 1073 3882 piget)
1089 3811 1173 3862 tanto
1194 3815 1274 3865 eume

128 3907 212 3995 quod
234 3931 295 3970 non
317 3930 365 3970 res
386 3911 484 3989 ipsas,
515 3907 567 3970 sed
589 3908 664 3969 ssans
686 3911 800 3986 glossas
827 3919 857 3967 et
885 3927 968 3967 mere
998 3923 1094 3981 nugas
1114 3901 1146 3959 in
1168 3908 1273 3958 contit-

91 4056 97 4065 ι
129 4016 250 4077 meliam
289 4012 445 4075 doctorum
475 4013 612 4074 virorum
646 4023 676 4072 et
707 4012 739 4069 in
772 4009 874 4089 nostri,
896 4007 1078 4068 calumniam
1108 3999 1274 4073 induxerit,

125 4129 239 4180 constet
260 4118 376 4198 ubique
401 4115 571 4196 reliquisse.
615 4106 714 4174 ‘Addit
736 4102 918 4188 epidimiam
936 4109 1058 4170 'ambitu
1085 4103 1273 4164 commuttio-

124 4241 191 4282 rem
212 4218 415 4300 pestilentiam
444 4237 525 4290 esse,
552 4213 605 4276 scd
634 4210 710 4295 quid
734 4233 789 4292 per
804 4213 869 4272 'hoc
895 4208 1069 4284 concludat,
1097 4204 1273 4267 audiamus:

124 4334 206 4399 sunt,
228 4321 316 4397 dicit,
332 4319 434 4380 morbi
452 4314 496 4378 ΠΙ
515 4329 595 4397 part.
619 4315 729 4395 apher.
744 4311 950 4392 epidemiales,
970 4308 1186 4392 pestilenthles
1198 4324 1273 4368 vero

938 4427 977 4485 13
