2806 4800
529 181 534 201 ·
651 245 727 318 296

125 435 233 521 vit)is
262 435 388 498 morbus
409 433 447 496 de
467 446 652 515 post-extre
673 447 703 496 ct
722 434 761 494 ab
792 432 970 494 ltominibus
997 431 1161 494 suferetur.
1215 432 1267 497 si-

74 612 77 616 ,
125 541 230 622 gonrit
249 539 330 601 enim
351 534 503 599 eiusmodi
522 537 760 598 morbusnosus
778 534 920 597 influxus
930 533 1090 615 pestiferos
1109 537 1266 598 coelorum

123 656 270 727 tanuam
301 641 428 702 effectam
456 639 614 719 ipsorum:
652 635 735 699 ssnds
766 657 807 699 ex
835 636 888 698 his
916 635 1010 698 retiis
1039 634 1211 700 influxibus
1237 651 1268 702 et

125 748 276 831 pestiferis
296 760 325 810 et
347 745 470 808 occultis
481 743 683 808 venenosisio
704 744 843 807 loturum
864 744 950 807 reris
966 740 1157 805 incommodo
1175 742 1268 806 nobis

127 853 281 915 coelorum
302 849 380 911 acies
400 848 568 909 minantur.

212 951 273 1019 Sed
297 965 331 1015 ut
352 949 391 1013 de
409 952 470 1015 isto
490 952 600 1013 morbo
618 953 729 1035 loquer
757 951 803 1012 uti
824 950 988 1033 physicus,
1019 950 1153 1031 primum
1181 950 1268 1013 Con·

127 1078 208 1119 reru
230 1054 322 1117 cem
351 1055 512 1136 Pomaque
535 1053 697 1134 opiniones
717 1051 889 1131 adducens,
926 1053 981 1135 qui
1011 1055 1094 1115 hunc
1121 1053 1268 1116 morbum

127 1158 269 1239 pellicum
301 1155 532 1236 elephantiasim
566 1156 780 1228 nominarunt,
815 1156 858 1216 sic
893 1156 927 1217 in
960 1157 1059 1218 forms
1087 1157 1270 1238 loquentes:

127 1263 271 1341 „ignotus
287 1272 388 1322 eutem
407 1279 506 1340 poene
522 1258 556 1319 in
574 1259 670 1334 ltslie,
688 1258 951 1338 frequentissimus
968 1257 1003 1318 in
1022 1256 1208 1340 qrribusdsm
1219 1281 1270 1320 re·

127 1364 270 1446 sionibus
292 1365 419 1426 morbus
439 1375 496 1440 est,
516 1383 610 1445 quem
630 1363 862 1443 elephantiasim
872 1363 981 1425 Graeci
1001 1363 1172 1440 nominum
1194 1360 1271 1425 iude

127 1480 226 1531 totum
247 1485 359 1547 corpas
379 1466 509 1528 efficitur
527 1466 580 1541 its,
599 1477 713 1528 utossa
729 1465 818 1526 etiam
839 1464 1102 1529 vitisridiesntur.
1138 1466 1271 1529 Summe

128 1593 200 1654 pers
219 1574 355 1655 corporis
376 1575 496 1636 crebras
516 1574 649 1636 macules
670 1574 854 1656 crebrosque
874 1587 1009 1639 tumores
1030 1577 1140 1654 habet3
1169 1573 1271 1634 rubor

129 1677 240 1738 hesum
258 1678 404 1758 psulstim
419 1678 452 1739 in
466 1679 599 1740 colorem
609 1690 710 1741 strum
723 1691 752 1739 st
761 1680 885 1756 oigmm
901 1680 1097 1741 convertitur.
1139 1677 1271 1740 Summe

130 1781 207 1844 cutis
234 1779 311 1843 dura
337 1782 473 1864 squamis
501 1779 688 1865 quibusdem
719 1794 936 1862 exasperetur,
964 1802 1075 1863 corpus
1104 1782 1270 1860 marcescit,

129 1902 227 1958 surse,
247 1880 340 1964 pedes
350 1884 562 1946 intumescunt.
601 1884 666 1948 Ubi
677 1896 765 1948 vetus
774 1885 899 1946 morbos
910 1898 965 1961 est,
985 1883 1270 1964 digitiinmsuibus

128 1983 321 2070 pedibusque
336 1987 393 2048 sub
406 1998 526 2049 tumore
539 1984 720 2063 conduntur,
741 1987 890 2050 febricula
902 1989 1012 2050 oritur»
1048 1991 1110 2052 Tot
1122 1988 1211 2051 malis
1218 1987 1270 2048 in·

130 2104 238 2152 sottum
253 2090 410 2152 hominem
419 2091 597 2152 consumit.”
630 2091 711 2152 lleec
723 2090 786 2151 ille.
813 2091 909 2152 Pontu
919 2111 992 2154 veto
1005 2091 1182 2154 sententism
1194 2112 1268 2153 mm

129 2191 186 2253 illo
203 2189 434 2255 concordantem
455 2190 576 2276 (xxvt
593 2194 778 2255 naturalium
799 2193 842 2255 sie
863 2192 1015 2275 loquitur)
1034 2208 1069 2256 ut
1090 2195 1268 2258 brevissime

131 2314 300 2374 exponams
330 2295 457 2371 „Sensit
485 2308 516 2357 et
541 2297 633 2358 facies
662 2297 823 2358 hominum
856 2314 955 2358 novos
987 2316 1172 2381 quocunque
1190 2319 1269 2362 sevo

129 2397 234 2477 priore
256 2399 424 2477 incognitos
444 2400 568 2461 morbos
589 2419 651 2460 non
679 2384 783 2462 ltslide
802 2397 912 2475 modo,
942 2420 1050 2464 rerum
1076 2403 1168 2464 etism
1197 2403 1265 2464 uni·

130 2519 235 2561 versae
256 2500 395 2580 Europae
414 2513 470 2562 ete.
511 2500 583 2563 Non
605 2502 703 2564 lueret
723 2503 800 2562 haec
819 2504 886 2563 lues
904 2501 993 2584 apud·
1008 2504 1137 2567 maiores
1152 2519 1264 2588 petres-

132 2620 193 2683 que
212 2617 332 2666 nostros
352 2616 382 2666 et
401 2603 535 2686 primum
558 2605 681 2666 Tmmn
699 2603 830 2666 Cnsnnn
844 2602 998 2667 Gsnsstus
1018 2608 1190 2688 principatu
1203 2629 1268 2670 me·

131 2701 326 2787 dio-irrepsit
345 2707 378 2767 in
401 2707 517 2770 ltaliam
538 2703 674 2789 quodam
694 2706 831 2787 pessimo·
847 2708 949 2789 equite
969 2728 1108 2785 romano,
1124 2723 1268 2794 quaesto·

132 2808 181 2873 rio
199 2811 314 2888 scribs3
335 2832 432 2892 quum
453 2812 486 2872 in
500 2811 572 2872 Asia
590 2813 789 2890 apparuisset,
809 2809 881 2873 inde
896 2813 1105 2892 contagionem
1125 2815 1190 2876 eius
1209 2835 1268 2895 sp·

130 2913 264 2992 portavit
285 2913 362 2973 etc.”
390 2910 575 2974 Huiusmodi
595 2925 697 2973 autem
718 2913 867 2976 Coerenu
881 2928 917 2978 ¹et
939 2917 1038 2976 Pmm
1060 2918 1209 2979 sententis
1230 2916 1269 3003 de

131 3015 186 3081 illo
209 3016 317 3078 morbo
337 3015 406 3078 licet
426 3016 458 3076 in
479 3015 634 3097 aliquibus
655 3037 724 3077 eum
746 3031 850 3078 nostro
881 3019 990 3080 morbo
1009 3020 1127 3099 ·gsllico
1156 3027 1289 3083 conve'

132 3117 198 3180 nire
221 3117 360 3180 videatur
389 3119 478 3202 eique
501 3120 712 3199 appropriari,
742 3118 878 3182 lichenes
901 3134 954 3182 sut
973 3123 1188 3202 elephantiosis
1210 3144 1269 3187 oo·

131 3223 252 3301 minori,
272 3244 369 3305 quum
392 3223 425 3285 in
441 3225 566 3285 materis
575 3226 682 3286 saltem
697 3225 939 3288 convenientiam
952 3225 1099 3304 habesnt3
1121 3227 1269 3308 elephan-

130 3325 216 3387 tissis
235 3338 336 3387 autem
356 3347 375 3385 a
396 3326 517 3388 Graecis
537 3329 640 3407 leprae
662 3329 776 3408 species
798 3327 910 3390 dicitur
931 3349 1013 3406 esse,
1043 3348 1124 3411 quse
1142 3347 1208 3392 non
1229 3330 1269 3394 de

132 3448 230 3503 novo,
257 3426 310 3490 sed
331 3432 416 3490 omni
436 3444 573 3512 tempore
591 3433 806 3513 proecipuein
826 3432 981 3515 aliquibus
1004 3435 1181 3513 regionibus
1198 3452 1269 3496 cor·

131 3531 188 3606 rit,
221 3542 254 3591 ut
276 3531 403 3594 (tunm
424 3547 454 3595 et
475 3536 652 3596 Auscrnnsn
679 3537 827 3597 sententia
854 3537 941 3599 facile
969 3539 1141 3619 probarent.
1204 3537 1268 3603 sed

132 3653 234 3696 noane
253 3633 280 3694 is
300 3647 403 3696 noster
423 3637 549 3700 morbus
558 3661 588 3698 ·e
610 3640 799 3702 materia'ut
819 3643 1021 3704 communiter
1051 3644 1264 3705 melanchottu

130 3758 353 3822 nonnunquam
373 3737 496 3817 aduste,
525 3742 615 3805 etism
634 3764 653 3803 a
673 3745 752 3806 salso
780 3747 954 3826 phlegmate
974 3745 1138 3828 dependet,
1163 3747 1261 3827 sieque

130 3841 164 3902 io
185 3843 311 3906 materia
331 3845 531 3922 conveniunt,
556 3847 590 3907 in
608 3846 707 3909 forme
727 3860 829 3909 sutem
851 3860 882 3910 et
904 3848 997 3911 modo
1015 3848 1179 3939 differurts
1197 3846 1263 3910 imo

131 3964 240 4024 genere
261 3960 290 4011 et
305 3948 414 4030 specie,
434 3970 531 4033 quum
552 3951 649 4013 forma
669 3972 733 4013 esse
747 3965 776 4014 et
796 3950 1018 4015 distinctionem
1032 3955 1125 4016 rebus
1143 3956 1267 4018 tribuat.

131 4048 188 4110 lste
209 4053 290 4114 enim
313 4055 441 4117 morbus
464 4069 567 4118 noster
596 4077 747 4120 venenoso
777 4055 909 4140 quedam
939 4061 1055 4121 occulta
1079 4061 1270 4141 proprietate

131 4147 251 4213 dotatus
272 4167 332 4230 est,
351 4176 414 4238 qus
434 4159 576 4219 omnibus
597 4157 748 4221 mediante
768 4158 979 4240 distinguitur:
1000 4163 1192 4224 venenositas
1211 4184 1270 4224 au·

130 4267 192 4317 tem
211 4255 384 4339 insequitur
400 4261 552 4340 tonnam
569 4261 633 4323 imo
655 4276 684 4324 et
704 4264 794 4324 sliam
814 4265 955 4340 formam,
976 4280 1073 4346 quum
1093 4266 1155 4327 slis
1167 4278 1198 4327 et
1219 4287 1271 4326 nc·

131 4354 260 4421 rideatis
281 4359 390 4439 ipsum
415 4377 670 4448 consequuntur,·
690 4388 783 4450 quem
810 4369 897 4450 prius
922 4388 1062 4454 uoqustn-
1088 4369 1148 4439 tali:
1172 4368 1270 4440 mmo
