2806 4800
662 261 735 329 26¹1
772 280 775 285 ’

130 442 624 525 spidenrinlis‚praesentit-cum
648 445 721 503 haec
742 442 870 506 mutatio
890 448 930 507 sit
948 448 1083 525 insignis.
1135 450 1179 510 Eo
1194 470 1272 513 con·

128 569 212 609 cesso
231 548 339 628 (prout
359 544 580 608 rationabiliter
602 565 663 605 nou
682 560 782 625 potest
805 547 924 631 negari)
943 549 975 607 in
998 551 1207 612 consecutione
1228 565 1272 613 est

130 671 186 729 per
207 652 308 711 locum
329 640 858 712 divisionis-:tomusniaximum
881 655 935 712 vet
955 653 1199 731 pestilentialem‚
1211 655 1271 715 'vel

130 749 352 830 pandemialsm
380 752 460 812 fore:
499 749 725 829 pandeminlem·
750 772 823 814 vero
848 751 1007 835 (qnoniam
1036 755 1111 814 haec
1141 755 1188 816 ris
1210 772 1281 814 non*
1357 772 1365 784 ¹
1396 781 1398 789 =

127 866 175 912 ¹est
191 874 312 934 neque.
328 865 453 927 terrae,-
474 872 573 933 neque
594 853 653 913 ioci
682 857 732 914 vel
762 856 908 932 regionis·
923 852 1158 937 determinatae)
1182 873 1272 914 nemo

128 951 446 1032 dixerit;-·concludas
467 973 539 1032 ergo
560 967 679 1033 oportet
702 958 958 1033 pectttentintem.-
997 958 1139 1017 Debebis
1168 958 1272 1038 it'eqnc

130 1060 238 1119 terreri
253 1058 359 1117 uerbo
377 1056 496 1117 onam
518 1053 658 1130 dicentis,
683 1056 769 1136 quod
793 1059 866 1117 haec
886 1059 1082 1136 intemperies
1103 1078 1164 1118 non
1186 1076 1273 1138 reps-

126 1163 226 1234 .ritur,·
247 1158 305 1219 nisi
327 1157 634 1236 in.pestilentialibtts
650 1160 940 1235 constitutionibus,
956 1180 1000 1220 ne
1021 1173 1082 1220 tam
1109 1174 1222 1220 temere
1243 1173 1272 1219 et

128 1264 497 1345 [incurcurum-carperes
527 1270 562 1319 et.
579 1259 733 1322 Grtnrruu
757 1276 859 1344 atque
889 1266 1109 1323 Hirromutrnn
1132 1282 1272 1341 perverse

128 1365 304 1444 inventores.
334 1382 429 1423 ‹nt-2·
797 1419 800 1422 Α
992 1376 995 1381 “

150 1493 190 1526 ,υ
213 1469 272 1527 Per
289 1470 344 1531 hoc
366 1479 667 1547 nmqucmnegarunt·
685 1479 739 1527 etc.
764 1500 805 1514 -
850 1469 908 1527 Per
929 1467 1071 1527 hocnon
1094 1464 1272 1527 evadesre·

127 1571 381 1650 promocionem,
400 1568 495 1650 quod
513 1570 660 1630 {Gxnmns
691 1582 719 1629 et
740 1571 951 1630 Hurocnxrrs
972 1589 1035 1629 non
1056 1580 1204 1646 negarunt
1225 1566 1272 1650 (u't

124 1669 218 1754 ais)·,··
234 1683 355 1734 causum
384 1673 478 1748 pestis
506 1671 672 1732 secundum
702 1672 832 1750 figuram
861 1673 937 1732 coeli
966 1670 1085 1730 afferri:
1116 1672 1187 1732 satis
1218 1682 1271 1740 est,

130 1777 222 1852 ipsos,
241 1796 303 1854 qua
316 1771 518 1848 medici-sunt,
539 1775 573 1855 (i.
589 1797 615 1835 e.
636 1796 693 1856 per
704 1789 799 1836 artem
816 1796 914 1850 suamj
934 1775 1021 1835 cuius
1040 1774 1187 1837 terminos
1209 1791 1272 1830 mc·

130 1874 215 1935 dicus
233 1871 403 1950 transgredi
431 1893 493 1936 non
515 1872 634 1955 debet),
666 1878 766 1935 solum
787 1897 827 1935 ex
849 1885 919 1936 a'e‘re
939 1897 994 1935 nec
1024 1873 1149 1936 aliunde
1178 1874 1272 1950 origi·

125 1997 199 2038 nem
227 1975 605 2055 pestilentiae'vestigare.
671 1976 708 2037 Et
738 1978 881 2056 quamuis
912 1977 1047 2054 profecto
1083 1997 1139 2054 per
1167 1997 1272 2036 omnes

130 2081 425 2156 scholas-uulgatum
447 2077 500 2150 sit,
528 2079 628 2137 locum
650 2078 689 2135 ab
711 2076 888 2138 atrctoiitnte
909 2077 1047 2154 negative
1078 2096 1140 2137 non
1162 2079 1273 2148 catere,

130 2186 190 2242 hoc
210 2195 312 2242 tamen
333 2182 365 2241 in
386 2180 494 2258 topicis
516 2200 570 2240 seu
591 2176 972 2260 communibusduntaxat
993 2175 1201 2256 accipiendum
1223 2199 1272 2238 ar·

131 2287 248 2345 bitror:
269 2292 374 2344 verum
396 2283 429 2342 in
449 2279 696 2343 demonstrativis
720 2293 749 2341 et
770 2281 903 2358 propriis
924 2301 976 2341 seu
992 2281 1272 2359 necessariis-argu-

131 2398 234 2446 mento
266 2400 342 2446 esset
371 2385 506 2446 inscitiae
541 2385 685 2462 insignis„
715 2387 742 2443 si
773 2404 846 2444 sune
878 2385 936 2444 arti
971 2385 1139 2444 necessaria
1167 2397 1273 2444 auctor

130 2489 399 2568 praetermitteret,
428 2499 497 2547 tum
520 2485 606 2567 quod
634 2488 701 2546 eius,
723 2483 863 2563 dogmata
886 2487 1017 2564 perfecte
1047 2506 1108 2547 non
1131 2485 1273 2562 traderet,

130 2606 195 2652 tum
219 2587 302 2671 quod
316 2591 347 2648 in
371 2587 564 2650 monstrando
586 2589 654 2649 aliis
674 2609 747 2649 suae
764 2589 837 2649 ortis
855 2589 904 2648 via
916 2590 1072 2650 oberraret
1086 2592 1271 2669 plurimum:

131 2692 214 2775 quod
236 2691 275 2752 de
296 2691 422 2752 medicis
449 2691 655 2770 prirrcipibus,
677 2692 869 2750 Hirrocuxrn
892 2704 921 2751 et
944 2692 1087 2763 Ganruo,
1110 2693 1198 2752 fateri
1218 2713 1272 2752 ne·

130 2799 176 2857 sas
204 2809 257 2856 est.
287 2793 404 2868 'Quam
426 2809 469 2856 est
489 2796 578 2854 etiam
597 2793 797 2872 impertinens
818 2789 929 2853 divisio
961 2807 991 2854 et
1018 2794 1126 2873 sibipsi
1155 2807 1272 2856 contra·
1360 2771 1364 2785 ¹

131 2899 249 2972 dicens,
270 2916 425 2958 unamsx
447 2897 543 2957 causis
564 2895 754 2975 pestilentiae
774 2891 941 2955 secundum
963 2896 1039 2956 coeli
1058 2895 1186 2973 figuram
1197 2912 1207 2974 ,³
1227 2902 1272 2960 sl.-

132 3014 303 3079 temmepen
330 3000 467 3062 extranei
488 2979 612 3077 vaporii
633 2995 852 3078 admixtionem
878 2996 1029 3058 afferens?
1079 3000 1150 3060 Non
1172 3015 1271 3079 potest

130 3106 217 3164 enim·
235 3101 285 3185 (ut
302 3105 485 3184 pierumque
506 3102 564 3179 ais)
584 3102 659 3162 coeii
680 3100 775 3176 figura
808 3100 872 3161 siue
903 3098 1068 3178 praesidio,
1104 3114 1138 3161 ut
1165 3102 1273 3166 mediis

130 3193 227 3266 musis
258 3209 308 3266 vet
353 3205 505 3286 partiariis
547 3203 721 3280 agentibus,
761 3212 876 3279 pestem
923 3200 1082 3276 conficere;
1132 3205 1271 3284 quinimo

132 3305 355 3390 (quodtamsn
382 3309 414 3367 in
439 3307 622 3386 particulari
649 3317 732 3385 peste
760 3305 894 3364 maxime
924 3303 1094 3388 contendis)
1122 3305 1272 3370 admixtio

131 3429 280 3488 vaporum
303 3421 423 3486 praeter
442 3409 656 3487 coelifigurum
674 3430 735 3471 non
749 3409 906 3470 concinnat
925 3419 1055 3487 pestem:
1078 3429 1169 3487 agens
1190 3415 1271 3474 enim

131 3511 310 3590 partiarium
332 3523 426 3591 atque
447 3511 641 3575 secunduma
658 3512 752 3590 primi
773 3524 801 3572 et
823 3510 1002 3572 universalis
1021 3514 1138 3590 agentis
1151 3513 1270 3576 influxu

130 3631 346 3694 necunquam
367 3625 464 3691 potest
485 3615 612 3682 absolvi.
635 3612 832 3687 :Quaeritur
853 3633 1017 3695 quoquea
1042 3628 1086 3691 te,
1116 3615 1197 3677 unde
1219 3639 1272 3677 ex-

130 3731 237 3777 ternus
256 3734 352 3793 vapor
372 3715 465 3775 habet
485 3716 721 3794 corruptionem,
742 3737 834 3796 quam
854 3713 1049 3778 acrivintert?
1072 3717 1171 3794 Negas
1191 3719 1271 3777 enim

130 3822 206 3882 coeli
227 3819 356 3898 figuram
376 3819 470 3880 huim
492 3840 610 3883 cainam
632 3840 705 3881 esse.
734 3821 782 3892 ‚si
805 3840 877 3897 crgo
899 3821 991 3881 habet
1009 3821 1074 3880 sive
1095 3841 1113 3879 a
1133 3820 1272 3880 substan·

131 3926 172 3984 tia
196 3944 267 3998 sua,
286 3924 351 3985 sive
371 3924 411 3982 ab
433 3923 496 3996 his,
515 3944 533 3983 u
555 3925 669 4003 quibus
689 3924 863 3997 resolvitur,
881 3925 1081 4002 patientibus,
1102 3923 1212 3984 scilicet
1233 3927 1272 3989 ab

129 4026 275 4087 intraneis
296 4011 510 4108 extraneisque
531 4026 639 4100 casteis,
659 4045 731 4086 suae
752 4025 911 4085 mixtionis
921 4027 1273 4107 corruptionern‚‚quare

132 4124 170 4185 de
189 4133 258 4187 aere
278 4125 311 4186 id
331 4125 398 4186 [ieri
418 4128 559 4189 similiter
576 4124 661 4186 haud
687 4122 811 4186 censes?
831 4120 1119 4196 ⁴‚Quemadmodum
1141 4147 1274 4210 namque

131 4228 228 4287 mixta
249 4240 345 4287 cetera
370 4227 528 4306 patiuntur
549 4249 623 4289 suae
642 4227 827 4293 substantiae
848 4246 902 4288 scu
922 4227 1079 4289 mixtionis
1100 4228 1274 4292 dissolutio·

133 4349 201 4390 nem
224 4341 255 4389 et
275 4332 319 4394 ab
341 4332 421 4391 intra
442 4343 470 4392 et
491 4332 533 4391 nb
553 4344 657 4407 extre,
675 4331 760 4393 cuius
782 4343 882 4393 temen
902 4326 1051 4392 adventus
1071 4333 1130 4393 soti
1149 4345 1273 4392 naturae
