2806 4800
662 226 737 296 235

131 437 258 479 vacnnca
278 414 413 476 doctrina
435 426 495 471 non
516 429 625 490 paru-m
645 409 782 470 incusare
799 389 1267 485 viterts;·1'²munne=aaaa0

128 524 206 583 sicat
227 519 374 596 ignarum:
390 515 572 594 penitusque
587 513 756 590 neglectum
776 507 1129 589 praetereundumesse.
1150 534 1155 545 ¹
1184 506 1270 582 Quae

129 621 233 684 omnia
245 639 307 678 non
328 617 447 676 ratione
466 615 537 688 ullaj
559 611 612 673 sed
633 612 840 690 ingenuetate
855 609 1024 670 temeritate
1042 608 1109 669 fieri
1128 608 1270 682 arbitror,

128 740 280 786 summam
293 718 356 784 tibi
370 716 510 795 ·gloria1u
538 716 741 775 accumulasse
762 710 967 788 existimanti,¹
989 707 1076 792 quod
1096 711 1129 771 si
1156 721 1189 772 te
1210 710 1271 771 illis

128 844 192 885 non
213 823 312 884 colum
333 839 479 901 aequara-
495 816 715 879 vmumetiam
741 817 834 893 longe
854 811 1004 874 anteferre
1025 809 1212 887 credideras,
1237 811 1270 871 in

129 927 209 985 lianc
229 922 377 983 insaniam
404 918 546 979 inductua
565 917 675 978 -simili
705 915 761 999 (ut
784 911 910 996 opinor)
931 913 1089 976 occasione·
1113 913 1272 986 Trasamuc,

130 1029 215 1088 attius
237 1023 393 1085 Gauranos
417 1023 519 1100 primo
552 1017 591 1080 de
612 1018 736 1096 ingenio
755 1015 901 1076 vsanitatis
927 1015 1083 1088 meminit,
1117 1014 1174 1094 qui
1193 1013 1274 1074 inter

129 1126 271 1191 textrices
295 1121 436 1198 laudatus
463 1113 819 1182 contraffirrocasrm‘s
845 1116 935 1177 ctiam
952 1116 1098 1194 erigebat
1127 1116 1273 1176 animum.
1357 1110 1359 1113 ’

128 1227 179 1290 sie
196 1225 257 1287 tibi
277 1227 392 1305 pariter
411 1221 530 1304 aliquid
543 1220 650 1283 laudis
672 1221 827 1298 evenisse,
855 1239 925 1281 cum
944 1220 1026 1281 inter
1046 1219 1187 1282 satellites
1215 1220 1273 1279 ho·

128 1330 287 1407 minasque
324 1328 506 1388 literarum«
519 1336 659 1404 expertes
684 1342 878 1403 non-pauca
908 1320 1071 1384 admiratio
1101 1322 1141 1383 sit
1170 1339 1275 1382 novae

128 1444 278 1511 anteaque
298 1448 361 1490 non
384 1429 466 1492 visae
489 1424 643 1488 doctrinae
663 1434 758 1502 tuae,
783 1437 876 1508 teque
892 1426 1090 1488 vehementer
1107 1421 1275 1500 laudatum,

130 1543 168 1594 ut'
184 1533 276 1612 pueri
295 1530 421 1592 lunonis
440 1549 538 1606 arem,
560 1529 709 1608 arrogasti
718 1528 864 1589 animum.
907 1529 1063 1591 Peculiare
1081 1529 1145 1588 ltoc·
1159 1528 1274 1587 malum

66 1708 72 1713 ι
129 1633 289 1707 omnibus,
308 1632 364 1712 qui
380 1644 465 1693 artes
484 1629 685 1710 profitentur,
709 1632 888 1713 priusquam
911 1628 1072 1691 didicerint
1098 1641 1274 1708 praecepto·

129 1731 438 1816 resqueaudiatnt,
464 1752 572 1812 graves
601 1745 744 1794 autorum
771 1733 934 1794 sententias
954 1753 1014 1813 pro
1033 1728 1161 1794 arbitrio
1181 1731 1274 1794 inter·

125 1837 261 1918 ⁴pretori}
275 1837 641 1919 priusquam-mentem·
655 1837 772 1898 autoris
792 1837 942 1912 habeant,
965 1857 1006 1897 ac
1033 1856 1095 1898 non
1123 1837 1274 1897 intellecta

124 1942 180 2011 sic
192 1939 276 2001 false.
292 1939 431 2001 abiicera-
450 1950 547 2020 atque
575 1938 757 1998 abominari.
823 1935 852 2000 Ο
873 1939 1030 1999 hominem
1056 1935 1214 2018 ignarum!
1228 1933 1274 1998 ·0

130 2043 260 2102 mentem
284 2043 655 2123 cornnpumumuttoque
676 2042 812 2102 elleboro
835 2041 1018 2122 galliniequc
1045 2044 1118 2103 atris
1147 2041 1275 2121 expian-

131 2140 204 2201 dum
227 2138 360 2201 facium!
374 2138 512 2214 'Quodel
532 2155 661 2220 praeter
675 2141 838 2202 sententias
854 2142 1004 2202 maiorum
1017 2140 1158 2220 dixerim,
1178 2157 1275 2207 astro·

131 2242 244 2328 logiam
263 2242 418 2303 scientiam
437 2263 511 2302 esse·
524 2244 710 2324 utilemque,
730 2244 826 2306 immo
848 2245 1046 2306 necessariam
1067 2245 1201 2324 medico,
1220 2268 1275 2328 pc·

131 2344 279 2417 sitorum,
292 2361 357 2426 oro,
370 2343 727 2427 «inanteiverba-aequo
746 2347 850 2407 animo
871 2346 986 2423 audias,
1007 2349 1100 2408 Rasna
1112 2351 1274 2430 praecipue

130 2444 246 2517 insuia
274 2443 399 2505 secretis
423 2445 609 2507 sententiam
619 2448 768 2528 accipito,
797 2469 867 2510 cum
887 2461 958 2529 post
978 2452 1100 2529 longam
1118 2449 1158 2512 de
1178 2465 1276 2514 astro·

130 2545 250 2605 nomiae
271 2545 401 2606 utilitate
428 2544 675 2610 admonitionem.
701 2551 819 2632 inquit:
855 2565 885 2614 et
915 2553 1100 2614 conveniunt
1124 2556 1275 2632 sapientes

131 2645 334 2723 medicorum,
366 2648 452 2730 quod
478 2670 535 2710 rec
557 2671 662 2711 omnes
691 2664 864 2732 temporum
896 2667 925 2715 et
945 2655 1024 2714 aeris
1048 2667 1096 2715 et
1123 2649 1272 2736 aquarum

129 2764 159 2813 et
180 2750 431 2828 complexionum
456 2765 486 2812 et
506 2751 734 2831 aegritudinum
756 2777 795 2816 ex
825 2770 912 2818 motu
941 2759 1138 2836 planetarum⁴
1154 2750 1275 2818 mutan·

129 2865 195 2927 tarr,
218 2872 288 2912 cum
308 2853 341 2913 in
362 2851 558 2931 longitudine·
574 2869 604 2917 et
618 2855 784 2920 latitudine
805 2860 982 2920 consistunt.
1025 2859 1089 2919 Nec
1109 2861 1209 2921 minus
1226 2861 1274 2922 vi·

130 2951 236 3014 denda
250 2964 294 3026 est
316 2955 506 3033 apertissima
533 2958 631 3036 ipsius
658 2960 926 3040 Ham-autoritas3
955 2962 988 3022 in
1016 2963 1129 3021 librum
1161 2963 1274 3041 Hnro‘·

129 3077 237 3121 ouante
257 3058 300 3119 ait
320 3058 415 3121 enims
436 3057 515 3122 dixit
526 3063 710 3141 Hunccine,
729 3063 919 3127 medicorum
939 3065 1082 3144 optimus,
1103 3062 1274 3128 cuiusmodi

128 3159 265 3223 medicus
284 3171 339 3244 eat,
361 3160 656 3242 quiastronomiam
677 3167 812 3244 ignorat3
832 3181 878 3229 est
900 3168 981 3228 enim
1001 3180 1148 3249 tanquam
1171 3186 1273 3228 caecata

130 3261 209 3321 viam
232 3263 341 3325 baculo
362 3265 631 3340 exantinanatmc
654 3269 788 3348 illucque
810 3269 1025 3330 miserabiliter
1036 3268 1198 3347 cespitana,
1214 3284 1272 3346 pro

130 3361 267 3443 qualibet
297 3363 370 3424 boni
410 3366 522 3428 malive
559 3371 737 3447 apparentia
770 3370 925 3431 fantastica
945 3383 976 3432 et
1004 3371 1088 3431 inani
1117 3383 1151 3431 ut
1172 3370 1274 3431 fatuus

129 3459 284 3541 trepidam
304 3475 334 3524 et
355 3469 514 3545 excultam
528 3472 638 3532 nullus
662 3473 755 3533 homo
777 3491 809 3532 se
832 3470 986 3534 dimittere
1007 3472 1097 3534 debet
1118 3474 1150 3532 in
1166 3492 1273 3546 ntanns

127 3565 230 3640 illius,·
251 3558 407 3646 quianon
426 3583 471 3631 est
491 3570 626 3635 medicus
646 3575 814 3653 perlectus,
840 3595 894 3636 nec
924 3576 1048 3636 nomine
1080 3573 1189 3635 medici
1210 3595 1272 3635 me·

127 3682 214 3731 retur
235 3666 388 3731 decorari:
417 3675 546 3751 cognom
567 3694 654 3754 ergo,
675 3679 749 3761 quia
771 3700 850 3760 opus
872 3691 936 3741 erat
964 3677 1106 3741 studendi
1133 3691 1273 3742 astrono-

127 3774 219 3834 miam
229 3814 238 3849 ‚
253 3786 290 3833 ct
308 3774 418 3853 aspexi
437 3775 475 3837 in
490 3777 572 3841 libne
593 3782 799 3842 Hmeocuaris
820 3795 850 3844 et
871 3783 977 3845 inveni
996 3784 1111 3842 librum
1131 3799 1271 3861 parvum,

55 3929 57 3932 .
126 3874 179 3935 sed
201 3876 370 3954 optimum,
392 3897 485 3958 quem
507 3880 563 3961 qui
584 3883 662 3945 bene
683 3884 821 3959 sciverit,
842 3883 989 3946 efficietur
1009 3903 1153 3962 magnus,
1177 3895 1210 3943 et,
1227 3895 1271 3943 est

127 3976 218 4038 ualde
238 3981 422 4044 necessariae
449 3985 596 4046 omnibus
612 3984 765 4048 medicis:
788 3987 980 4047 :laaec‘lla'nn
1015 3987 1139 4047 ‘Essent
1165 4004 1270 4046 revera

129 4079 298 4141 testimonia
319 4085 523 4162 amplissima,
542 4089 569 4149 si
588 4109 637 4150 res
661 4101 690 4150 et
711 4089 789 4149 liora
809 4089 912 4149 omnia
925 4090 966 4148 in
985 4085 1270 4148 mediumducendi

125 4181 321 4242 sustinerent.v
335 4183 646 4250 Adcoaclusionem
669 4191 767 4268 ipsam
789 4191 822 4251 in
843 4211 875 4251 se
897 4212 981 4251 nunc
1000 4190 1107 4252 venio«
1133 4187 1192 4251 ·Ob
1216 4188 1269 4248 iri·

127 4285 228 4362 volam
244 4297 278 4344 ct
292 4287 499 4362 petutannm
523 4303 611 4353 tuam·
636 4295 832 4356 ambitionem
859 4315 962 4376 usqne
987 4289 1195 4356 disserendum
1225 4302 1268 4350 te·

891 4430 908 4462 4
