2806 4800
614 231 685 304 1²51

77 419 260 500 graphium.
274 417 364 479 multi
384 428 487 478 tamen
506 415 549 477 ob
568 416 764 493 excellentem
776 417 1002 500 eloquentiam·
1015 417 1223 500 pmapediune

77 535 129 584 tm·
148 540 182 583 αἱ·
195 522 312 596 naua,
342 538 438 602 quem
464 516 536 579 iuda
561 521 720 598 eruerent*
766 515 962 603 Quapropter
977 521 1224 585 ›institui-mant,

77 627 178 689 nullas
194 620 346 684 adducere
366 623 499 684 rationes
518 621 659 702 impolito
683 633 712 683 st
734 622 812 683 sicco
825 624 895 684 stilo
917 636 949 684 et
967 623 1225 703 modoarque'ndi,

77 727 262 788 scholasticis
283 725 472 787 familiariori
479 748 498 800 ,2
518 737 552 786 ut
571 725 675 786 minus
696 722 792 787 doctis
813 728 921 789 saltem
941 725 1226 802 ostendere-,inb

76 828 136 888 hae
156 825 297 890 damnata
317 828 450 890 sanitate
469 846 595 907 prorsus
623 826 844 889 abstinendum·
863 849 938 891 esse.
974 814 1027 890 .Εὲ
1056 832 1225 908 argum

78 941 144 990 tum
166 928 316 1010 imprimis
336 925 409 990 inde
428 948 535 1004 sumo,
555 926 640 1010 quod
654 929 764 990 'omnis
783 930 911 990 scientia
931 931 1110 992 humanitus
1127 929 1226 991 adina

78 1042 168 1092 venta
182 1032 296 1102 babere
312 1029 593 1108 dieiturtradieem,
607 1053 701 1114 aqua
719 1030 867 1112 procedit,
887 1052 980 1114 quam
994 1033 1101 1109 Graeci
1113 1038 1225 1094 uomnb'

77 1129 513 1217 scoponss'.p1apesitum;
547 1156 618 1196 nam
648 1136 949 1214 eius.possibilitate
974 1135 1093 1214 cognita
1116 1131 1224 1194 mede·

78 1239 151 1299 bant
171 1258 204 1298 se
224 1238 340 1299 habere
367 1238 577 1318 propositum,
606 1259 669 1320 quo
700 1239 821 1299 labores
837 1239 921 1300 eirca
941 1239 1149 1301 inventionem
1169 1257 1221 1296 ar·

77 1337 117 1397 tis
135 1344 166 1398 et
187 1356 275 1415 passa
295 1338 431 1416 pericula
450 1339 553 1401 minus
574 1337 756 1418 perdereot3
788 1360 805 1398 a
836 1352 941 1400 ooutra
970 1359 1043 1402 vero
1071 1339 1225 1401 marsna

76 1437 142 1517 ipsa
160 1439 345 1517 impossibili
367 1437 551 1500 desistebant
571 1460 590 1498 a
610 1451 763 1513 aonatuet
784 1440 892 1500 maiori
903 1440 1004 1500 aniani
1016 1439 1226 1520 propensione·

77 1539 352 1621 aestimabantque,
372 1538 564 1620 impossibile
584 1541 650 1602 iona
670 1553 767 1603 artem
788 1561 882 1620 super
899 1554 938 1602 sa-
949 1539 1083 1602 fundari.
1104 1539 1221 1603 dom·

77 1642 183 1724 piures
202 1664 276 1706 vero
298 1641 446 1705 Chaldaei
467 1643 572 1705 etalii
592 1643 716 1722 ingenio
737 1655 767 1704 et
788 1654 853 1705 arte
872 1645 1011 1725 valerna
1029 1665 1087 1724 per
1107 1643 1224 1703 mulsos

77 1745 264 1833 millenarios
295 1764 476 1821 annorum‚·
499 1743 645 1806 Giesrone
665 1756 756 1820 teste>
787 1745 1006 1806 laboraverunt
1033 1765 1091 1825 pro
1112 1745 1222 1806 invoa·

78 1848 162 1910 tione
183 1844 295 1908 radicis
314 1845 498 1908 iudiciorum
520 1844 558 1906 de
569 1847 813 1924 contingentibus
834 1846 957 1921 iniuria,
977 1843 1030 1907 sed
1052 1859 1121 1926 post
1141 1847 1222 1906 mul·

78 1962 125 2011 tos
147 1949 270 2010 laboras
285 1966 390 2027 passos
410 1946 526 2006 nuliam
546 1945 687 2008 invenire
706 1957 849 2023 poterant
880 1947 1147 2024 oondttserantque'
1168 1965 1224 2023 pa·

79 2072 133 2114 nes
152 2049 324 2134 ss‚·quod,
341 2050 369 2112 si
388 2070 450 2132 qua
472 2047 612 2125 daretur,
641 2066 760 2108 necesse
788 2046 828 2108 sit
856 2045 1024 2106 armoniam
1051 2044 1129 2104 aoeli
1149 2064 1224 2118 esse,

80 2172 177 2235 quae,
196 2166 266 2215 eum
285 2154 326 2214 ex
345 2151 488 2214 omnibus
508 2149 602 2211 radiis
614 2147 811 2223 eummixtia,
834 2160 868 2209 ut
888 2147 985 2222 munt,
1008 2157 1132 2218 dorstet,
1156 2147 1227 2223 ples

80 2262 212 2337 rumque
231 2255 333 2334 raptui
357 2255 491 2314 humano
509 2251 707 2330 impossibilis
729 2263 789 2324 est,
818 2255 913 2328 prout·
931 2261 960 2309 et
988 2243 1086 2308 eidam
1106 2246 1228 2325 impos·-

79 2358 168 2418 sibiis
188 2370 233 2418 est
253 2377 357 2419 omues
376 2353 479 2417 radios
507 2355 650 2415 coelestes
678 2351 875 2413 combinare.
912 2351 975 2411 Erit
1003 2369 1076 2428 ergo
1103 2347 1225 2414 homiui

79 2457 318 2537 ooimpossibile,
355 2454 394 2516 ds
427 2455 541 2516 intruis
567 2453 813 2532 contingentibus
850 2449 1047 2514 determinata
1078 2447 1222 2513 iudicare.

79 2560 151 2620 Hoe'
166 2557 354 2620 attendentes
372 2555 671 2619 catholici'doctores
696 2570 728 2618 et
746 2558 975 2637 propugaa'ctda
1003 2551 1074 2615 fidei
1102 2566 1225 2616 nostrae

79 2661 134 2722 fati
155 2679 285 2734 nonna,
305 2659 391 2742 quod
410 2662 521 2740 partim
545 2661 671 2722 traxisse
691 2661 843 2737 originem
854 2655 927 2718 inde
939 2654 1115 2729 medebam,
1134 2642 1228 2715 valde·

78 2764 282 2838 horruerunt,
302 2760 562 2843 quemadmodum
591 2763 696 2823 beatus
722 2759 890 2840 Gregorius
912 2771 942 2820 et
969 2757 1059 2820 diuus
1078 2757 1223 2836 Augusti·

79 2880 137 2923 nus
157 2863 191 2922 in
220 2860 259 2924 de
281 2859 417 2924 doctrina
434 2865 620 2938 ahi-istisne,
641 2858 680 2923 ad
701 2882 781 2944 quos
802 2862 904 2940 relego
926 2858 1079 2922 studiosos
1100 2876 1223 2919 omnes·

80 2984 142 3046 que
161 2962 270 3035 avidos
291 2965 426 3027 vetitatis
445 2966 626 3026 christianae
654 2963 831 3026 noscendae.
881 2965 1039 3023 Praeterea
1067 2961 1143 3021 aoeii
1171 2980 1226 3019 ar·

80 3062 182 3129 monia
203 3086 362 3149 nunqnam
383 3067 496 3145 legitur
515 3067 607 3127 fuisse
628 3065 751 3141 eadem,
781 3065 834 3128 sed
866 3064 956 3145 quasi
986 3075 1115 3123 naturae
1135 3060 1221 3123 itavis

80 3169 221 3232 continue
242 3168 391 3229 fluctuans
419 3186 541 3245 semper
568 3168 715 3247 uarieque
738 3164 974 3238 diversificatur,
1003 3175 1068 3222 tum
1096 3175 1223 3241 propter

80 3281 220 3332 motuum
242 3270 432 3344 uarietatem,
453 3282 519 3330 tum
540 3269 631 3328 etiam
654 3280 780 3346 propter
799 3265 950 3327 diversam
972 3265 1147 3327 coelestium
1166 3287 1222 3344 ap·

69 3371 274 3452 plicationem
302 3367 524 3451 radiorumque
555 3369 789 3449 proiectiouem,
819 3372 898 3451 quae
932 3368 1060 3428 varietas
1095 3371 1222 3430 omnino

79 3483 244 3551 exsuperat
263 3472 428 3532 humanam
452 3471 669 3549 ambitionem,
696 3474 796 3553 'quare
824 3473 909 3533 nulla
939 3469 1088 3533 certitudo
1106 3469 1222 3532 iudicii

79 3575 192 3655 poterit
222 3592 315 3653 super
352 3573 418 3652 ipsa
457 3570 589 3634 fundari.
665 3575 901 3636 Verumtamen¹
916 3575 974 3634 hoc
1010 3573 1223 3643 obseruatione

80 3674 208 3754 dignum
238 3674 396 3737 libentIori
419 3676 531 3736 ,animo
562 3678 790 3752 annotaverim,
827 3673 911 3758 quod
946 3676 1039 3736 buius
1069 3674 1223 3736 varietatis

80 3778 259 3854 multiiugae
279 3777 374 3855 vulgo
393 3776 513 3859 aliquid
541 3790 648 3839 notum
671 3793 731 3853 est,
760 3775 1018 3861 quemadmodum
1045 3775 1176 3837 solstitia
1193 3785 1223 3833 et

37 3870 43 3879 ⁸
80 3878 287 3960 aequinoctia,
321 3890 351 3939 et
378 3877 479 3953 inds·‚·
508 3883 641 3959 neglecta
672 3890 773 3940 tamen
802 3881 977 3939 coelestium
1005 3875 1222 3956 supputatione

80 3981 156 4060 ipsis
173 3981 373 4060 impossibili,
401 3980 550 4044 duntaxat
572 3982 761 4060 temporibus
781 3979 913 4042 definitis
930 4001 1025 4060 super
1044 3978 1136 4038 rebus
1154 3977 1227 4041 suit·

79 4078 209 4162 proinde
229 4081 382 4160 iudicant,
411 4085 488 4146 sicut
507 4084 657 4163 agricolae
686 4097 716 4144 et
738 4095 863 4143 nautae:
889 4094 919 4142 et
949 4083 987 4143 ab
1010 4081 1102 4142 huius
1123 4080 1229 4141 varia·-

79 4187 149 4248 tatis
169 4181 360 4264 pradvisione
384 4185 537 4248 Hesiodus
559 4187 658 4247 Plinio
687 4199 808 4247 auctore·
832 4185 1003 4262 astrologus
1025 4195 1146 4246 vocatus
1167 4193 1221 4243 est.

81 4291 132 4351 Est
155 4288 245 4348 etiam
261 4287 402 4349 nonnihil
418 4291 569 4370 praefatae
581 4289 733 4350 uarietatis
747 4288 941 4368 philosophis
956 4287 1102 4350 duntaxat
1119 4285 1221 4362 cogni·
