2806 4800
672 252 747 324 253

137 459 256 500 veneno
278 437 477 518 participare,
498 436 619 517 scriptis
640 435 841 498 tradiderunt.
885 437 972 497 Hanc
998 435 1163 498 illustrium
1186 439 1283 503 medi-

136 562 240 603 corum
263 540 443 616 doctrinam,
464 560 525 620 qua
546 560 578 601 ea
599 541 709 601 mentis
730 537 915 601 hebetudine
935 561 970 602 ac
989 541 1185 620 pessimitate,
1204 545 1284 605 male

135 643 284 722 accipiens
312 639 472 717 credebas,
503 661 592 721 posse
611 640 705 702 calori
726 640 821 702 febris
840 660 1024 704 venenosam
1051 638 1125 701 addi
1152 643 1284 722 qualita-

136 760 197 807 tem
220 758 250 805 et
271 764 329 823 per
349 764 414 804 eam
437 716 628 823 pestilentem
640 745 756 805 febrem
778 746 818 804 ab
841 744 908 804 aliis
926 742 1059 824 putridis
1078 744 1283 823 interstingui.

135 845 228 922 Quod
249 847 318 908 licet
348 847 517 907 rationibus
545 857 576 906 et
604 847 654 907 bis
683 844 828 928 quidem,
860 867 936 928 quas
967 847 1124 908 rationalis
1150 846 1284 928 quisque

136 951 270 1014 medicus
289 951 323 1010 in
345 962 492 1030 promptu
514 951 624 1024 habet,
643 949 756 1010 falsum
777 946 1016 1024 ostenderimus,
1035 968 1100 1030 quo
1111 961 1212 1010 tamen
1232 949 1282 1010 in·

135 1057 236 1118 scitiae
251 1068 321 1117 tuae
341 1056 531 1136 operimenta
544 1055 683 1127 haberes,
703 1053 781 1114 falso
793 1050 974 1114 detrahendi
990 1053 1176 1115 occasionem
1187 1075 1282 1135 quae·

134 1180 205 1221 rens
230 1160 320 1222 nobis
346 1158 556 1220 contraniteris
590 1157 732 1219 cavillare
767 1169 815 1232 et,
854 1154 939 1236 quod
973 1157 1120 1217 cachinno
1144 1157 1282 1218 maximo

134 1261 364 1341 dignissimum,
393 1259 607 1337 diffinitionem
627 1258 722 1318 lebria
743 1257 873 1336 positam
895 1278 914 1317 a
933 1257 1078 1333 Gaiano,
1103 1278 1197 1337 snper
1219 1277 1283 1338 qna

134 1364 295 1425 Avarums
316 1382 386 1423 cum
397 1358 505 1422 eodem
521 1372 550 1421 et
564 1371 628 1420 tota
650 1359 715 1420 eius
734 1358 851 1418 familia
864 1378 922 1437 pro
939 1360 1025 1419 varia
1039 1360 1120 1422 vitae
1135 1359 1282 1439 opinione

132 1477 162 1526 et
181 1465 342 1526 cuiuslibet
375 1467 479 1525 animo
509 1460 603 1524 hodie
631 1459 854 1539 digladiantur,
882 1481 939 1540 per
967 1463 1128 1523 Avnunors
1157 1462 1282 1525 tertium

131 1568 252 1646 colliget
272 1568 390 1629 conaris
410 1588 575 1648 exponere.
628 1563 815 1645 Opinionem
845 1585 971 1647 qnoque
994 1565 1060 1626 eius
1083 1565 1127 1626 ita
1150 1563 1282 1641 dissone,

130 1669 173 1730 ita
194 1690 336 1748 perverse
358 1670 391 1728 in
412 1669 547 1731 medium
569 1669 678 1745 affers,
706 1682 742 1731 ut
762 1690 802 1731 ex
824 1669 909 1730 omni
928 1669 1026 1749 ipsius
1048 1669 1165 1730 familia
1183 1669 1292 1731 nemi?

132 1791 202 1831 nem
222 1773 281 1832 tibi
301 1786 536 1834 consentaneum
564 1773 722 1852 invenies3
756 1786 804 1849 et,
829 1774 899 1835 licet
918 1774 1130 1834 Avruaorsrrs
1160 1791 1282 1852 possem

133 1893 194 1934 non
217 1871 297 1932 nihil
318 1873 534 1950 contradicere,
555 1875 629 1954 quia
650 1876 781 1936 calorem
803 1876 907 1949 calori,
926 1875 1177 1948 itemcontrarias
1198 1897 1282 1938 com-

132 1973 290 2054 plexiones
310 1996 345 2034 ac
364 1975 533 2055 simplicem
563 1977 695 2035 calorem
728 1987 759 2035 et
789 1977 990 2055 compositum
1020 1979 1053 2037 in
1079 1974 1186 2038 eodem
1206 1981 1281 2039 eub-

132 2078 209 2138 iecto
231 2095 293 2136 uon
314 2073 411 2151 addo,
433 2089 467 2137 ut
489 2075 645 2137 tamenin
667 2095 718 2151 re,
748 2072 787 2135 de
808 2096 871 2156 qua
900 2073 1066 2155 disputatio
1087 2090 1145 2152 est,
1171 2099 1282 2141 conve-

132 2180 251 2240 niamus
274 2179 468 2258 opinantium
497 2180 690 2241 altercatione
718 2179 912 2258 posthabita,
941 2178 1017 2260 quid
1040 2201 1097 2260 per
1126 2181 1205 2240 hanc
1226 2202 1281 2242 ex-

131 2282 322 2344 traneitatem
344 2283 452 2344 caloris
472 2303 541 2343 cum
564 2283 698 2343 naturali
718 2281 885 2360 intelligas,
917 2283 993 2344 scire
1022 2284 1181 2364 percupio.
1229 2288 1279 2347 An

131 2383 243 2444 scilicet
263 2382 429 2460 ipsummet
448 2385 578 2444 calorem
597 2381 737 2443 additum
758 2384 808 2445 vel
836 2404 902 2443 rem
934 2384 1026 2445 aliam
1058 2398 1088 2447 et
1115 2387 1154 2445 ab
1176 2408 1212 2448 eo
1233 2386 1282 2448 di·

132 2480 274 2545 versam?
313 2484 348 2546 Si
368 2504 434 2544 rem
455 2486 558 2561 aliam,
579 2485 641 2547 iam
662 2485 757 2547 febris
779 2507 843 2548 non
865 2487 923 2548 erit
944 2507 1001 2566 per
1022 2508 1054 2548 se
1076 2490 1159 2549 calor
1178 2504 1281 2552 extra·

131 2607 224 2662 neus,
243 2584 297 2647 sed
318 2586 364 2646 rei
384 2588 509 2649 alterius
530 2589 662 2667 ratione,
684 2587 770 2670 quod
793 2590 972 2650 Avrcsrrnn
983 2610 1080 2671 aeque
1098 2613 1134 2652 ac
1153 2604 1281 2653 naturae

109 2689 225 2749 lebria
247 2702 414 2767 repugnat:
435 2689 462 2749 si
482 2691 647 2769 ipsummet
669 2692 800 2751 calorem
823 2703 1003 2766 externum,
1030 2691 1059 2753 is
1088 2693 1170 2752 nihil
1194 2692 1281 2754 addit
1361 2744 1364 2754 .

130 2793 304 2874 putredini,
325 2813 394 2852 cum
415 2793 448 2851 in
468 2793 555 2853 istius
575 2792 710 2853 subiecto
733 2790 780 2876 (in
802 2793 887 2853 cuius
909 2793 1024 2854 unitate
1046 2795 1145 2856 omnis
1166 2795 1280 2857 sorma-

130 2915 201 2954 rum
223 2908 253 2956 et
273 2894 455 2975 qualitatum
475 2894 649 2976 accipienda
672 2908 716 2958 est
737 2894 868 2976 additio)
891 2917 1086 2979 nequaquam
1111 2919 1174 2960 esse
1206 2919 1280 2978 pos-

131 2994 183 3071 sit3
203 2994 237 3054 in
257 2991 382 3074 putrida
403 3015 537 3077 namque
559 2996 685 3058 materia
707 2998 806 3058 omnis
826 2997 958 3078 putredo
980 3011 1041 3073 est,
1070 3001 1105 3059 in
1137 3001 1279 3079 quamsi

130 3109 291 3158 externum
313 3097 378 3158 sive
398 3099 527 3160 calorem
549 3097 687 3161 additum
720 3101 852 3160 naturali
880 3102 1092 3175 collocaveris,
1123 3102 1185 3160 iam
1218 3115 1279 3164 ter·

131 3200 229 3259 minos
250 3195 417 3259 medicinae
438 3199 658 3278 transgrederis
680 3212 710 3260 et
731 3201 770 3260 ab
793 3201 936 3261 omnibus
957 3199 1099 3275 medicis,
1120 3205 1279 3264 rationali·

130 3302 188 3360 bus
215 3300 411 3377 praesertim,
442 3301 539 3362 veluti
567 3299 758 3361 adulterinus
798 3299 1004 3378 degenerabis.
1064 3303 1103 3365 Et
1129 3305 1277 3387 profecto,

129 3399 279 3481 quicquid
300 3403 379 3460 hanc
398 3401 629 3462 extraneitateur
651 3401 855 3478 intellexeris,
883 3424 946 3465 non
964 3402 1036 3466 ideo
1058 3419 1176 3482 tamen,
1203 3410 1277 3490 quia

128 3515 255 3563 externo
278 3503 371 3564 calori
392 3505 442 3566 vel
471 3501 576 3565 addito
603 3503 735 3564 naturali
766 3505 805 3567 ab
837 3517 923 3566 extra
951 3505 1127 3586 advenerit,
1157 3510 1276 3572 febrem

126 3605 318 3685 pestilentem
339 3605 425 3680 lacit,
457 3602 541 3687 quod
564 3606 597 3665 in
620 3605 813 3685 eplrimerino
833 3606 1036 3689 liquidissime
1057 3623 1192 3688 constat,
1221 3633 1276 3673 ne·

127 3728 189 3787 que
209 3727 328 3788 semper
349 3707 398 3792 (ut
428 3708 462 3769 in
484 3706 592 3770 eodem
620 3720 650 3769 et
669 3705 821 3793 synoche)
849 3709 968 3793 aliquid
995 3711 1086 3787 ‚addit
1108 3712 1274 3792 putredini.

127 3807 218 3882 Quod
239 3813 266 3873 si
287 3824 408 3891 praeter
428 3809 617 3872 medicorum
639 3810 888 3874 cousuetudinem
904 3827 934 3875 et
947 3816 1111 3892 protritum
1126 3812 1275 3896 loquendi

128 3908 408 3981 modumvolueris
427 3915 513 3975 illam
535 3913 764 3974 extraneitatem
785 3915 955 3993 intelligere
983 3920 1159 3998 qualitatem
1181 3937 1274 3979 vene·

126 4031 247 4090 uosam,
269 4039 348 4098 quae
369 4017 417 4101 (ut
438 4032 508 4080 ante
529 4016 678 4099 diximus)
699 4015 785 4079 addit
812 4016 971 4097 putredini
1000 4020 1035 4079 in
1057 4018 1183 4079 materia
1213 4039 1273 4098 pu·

127 4111 219 4190 trida,
242 4137 335 4197 quam
356 4119 516 4196 informat,
537 4120 570 4179 in
592 4120 804 4182 consecutione
824 4132 878 4197 est,
898 4139 1020 4181 omnem
1041 4119 1158 4181 febrem
1178 4122 1274 4200 pesti·

126 4216 280 4277 lentialenr
303 4238 385 4294 esse,
416 4222 490 4302 quia
517 4223 618 4284 omnis
643 4223 737 4284 febris
766 4243 823 4302 per
849 4243 882 4285 se
907 4234 936 4282 et
964 4243 1003 4282 ex
1023 4242 1079 4284 sua
1099 4235 1208 4285 natura
1228 4235 1274 4283 est

123 4321 204 4381 calor
227 4332 400 4383 extraneus.
481 4364 484 4369 -

1324 3162 1341 3191 0
