2806 4800
672 229 718 299 13

131 422 331 494 ammianum,
354 418 447 481 denas
463 417 578 500 quippe
599 417 709 479 habers
729 426 917 495 reputantur.
959 413 1007 475 Ab
1027 414 1185 475 Auutunn
1207 433 1258 475 us·

131 524 240 607 quoad
252 527 360 587 Davm
382 522 487 597 tertia,
500 533 606 602 quarta
627 520 769 583 assavm
790 538 888 600 usque
908 512 948 576 ad
966 516 1260 595 transmigrationem

131 627 307 710 Babylonis.
352 621 464 698 Quinta
484 621 554 685 inde
569 642 665 704 usque
685 619 722 681 ad
745 619 873 682 Gamsrt
895 619 1042 680 maalein
1063 618 1261 681 nativitatem.

195 790 198 794 .
216 733 307 793 Sexta
324 749 406 790 nunc
415 727 513 806 agitur
533 726 694 806 generatio,
716 725 801 799 nullo
814 742 941 787 numero
951 717 1115 797 metienda,
1134 733 1262 800 propter.

131 832 185 908 id,
203 829 289 913 ¹quod
311 829 420 892 dictum
440 842 501 919 est,
531 854 584 897 non
604 843 645 893 est
665 841 782 891 uestrum
802 849 879 889 nossa
905 839 1033 908 tempora
1052 827 1093 887 ael
1111 836 1259 901 nomena,

108 957 209 1016 ‚quae
224 947 306 1017 pater
322 941 413 1016 posuit
433 940 460 995 in
477 956 532 997 saa
551 946 699 1016 praestata
750 933 798 992 De
818 931 879 991 illia
909 949 964 991 sex
982 929 1130 991 aetatibus
1151 940 1259 999 tracta·

133 1050 241 1100 verunt
262 1057 364 1099 omnes
385 1037 599 1106 chronicarum
619 1035 797 1114 scriptores,
830 1032 923 1112 primi
943 1051 1015 1093 vero
1037 1051 1185 1093 annorum
1208 1052 1257 1091 ra·

129 1139 240 1201 tionem
264 1141 400 1213 habuere
420 1139 610 1220 septuaginta
630 1139 826 1217 interpretes,
853 1131 962 1199 dende
980 1136 1142 1210 lasarum,
1173 1131 1258 1197 Ouo·

130 1264 205 1322 sius,
227 1243 624 1318 Evsan1rs,llmnourmr8,
646 1242 743 1318 Brun,
767 1241 821 1322 qui
843 1237 968 1322 quidem
989 1259 1051 1299 non
1072 1258 1181 1319 parum
1204 1239 1258 1301 ba·

127 1348 197 1408 bant
216 1348 348 1408 intense
371 1344 574 1422 descriminis,
591 1347 679 1409 ‚carius
699 1347 744 1407 rei
766 1366 853 1407 carisa
875 1343 992 1413 existit,
1034 1341 1114 1409 Nam
1135 1353 1260 1403 sumunt

126 1465 242 1530 partem
255 1473 320 1531 ¹pro
341 1462 430 1523 toto,
462 1451 608 1531 quinque.
630 1449 709 1511 enim
740 1470 835 1511 annos
855 1448 1052 1527 incompletos
1086 1465 1145 1525 pro
1172 1445 1260 1505 annis

126 1555 266 1632 integris,
280 1540 437 1635 ,egitaniam
455 1565 646 1632 praetereunt
667 1574 817 1615 annorum
836 1552 1012 1626 fractiones,
1031 1545 1114 1624 dies,
1133 1568 1260 1625 meuses,

126 1657 227 1732 horas,
248 1659 375 1732 minuta,
395 1653 535 1731 secunda,
556 1657 643 1731 tertia
664 1668 738 1725 etc...
763 1656 864 1736 illapsi
886 1653 1124 1732 lueruntigitur
1139 1673 1157 1710 a
1172 1652 1258 1732 prin·

127 1761 207 1836 cipio
228 1757 336 1819 mundi
355 1779 452 1838 usque
478 1757 518 1819 ad
536 1758 686 1827 diluvium
699 1757 865 1831 Nomadas
885 1753 1259 1837 milliaducanti'quadra·

132 1859 201 1935 geni
230 1872 259 1919 et
280 1848 359 1919 ¹bini
390 1861 470 1919 anni.
525 1860 642 1923 Deinde
671 1885 690 1922 a
723 1861 840 1925 diluvio
873 1883 987 1944 usque¹
1006 1857 1046 1920 ad
1073 1860 1260 1921 nativitatem

129 1964 260 2033 Anisena
275 1950 431 2031 fluxerunt
455 1963 631 2040 noningenti
649 1962 834 2047 quadrageni
855 1977 884 2025 et
904 1964 969 2023 bini
988 1962 1069 2023 anni.
1111 1963 1139 2021 A
1151 1963 1260 2023 nativi-

128 2064 329 2124 tatetlnnnna
341 2062 486 2147 usquead
499 2065 651 2133 Damnum
671 2087 771 2146 regem
793 2070 916 2128 fuerunt
937 2064 1114 2139 noningenti
1135 2075 1164 2123 et
1184 2086 1261 2144 qua·

127 2162 265 2243 draginta
284 2168 397 2242 estui:
418 2167 599 2231 Et-rursum
620 2191 638 2229 a
659 2171 766 2233 Dnvnn
789 2191 885 2252 usque
906 2165 943 2229 ad
966 2165 1258 2244 transmigrationem

127 2269 293 2348 Babylonis
310 2269 694 2352 transierequadringenti
713 2273 848 2352 octogeni
878 2284 908 2333 et
928 2269 1017 2352 quini
1036 2271 1119 2331 anni.
1174 2273 1259 2335 Post-

128 2391 209 2431 remo
231 2393 248 2431 a
268 2373 530 2451 transmigratione
552 2375 717 2456 Babylonis
740 2373 895 2460 usquead
916 2374 1081 2437 Camarum
1095 2376 1259 2454 praeterie-

126 2486 200 2534 runt
220 2474 378 2556 quingenti
398 2478 666 2556 nonagintaanni.
718 2477 866 2543 Addendo
889 2498 939 2541 eos
967 2496 1063 2550 annos
1091 2499 1196 2539 omnes
1216 2480 1258 2539 si·

127 2580 192 2639 mul
212 2581 359 2655 resflttltant
378 2581 417 2640 ab
435 2582 532 2649 Anam
551 2602 649 2663 usque
669 2579 708 2642 ad
732 2581 898 2647 cunisam
919 2581 1170 2662 quinquemillia
1189 2602 1258 2640 cen·

124 2693 189 2753 tum
204 2693 232 2741 ct
243 2683 405 2760 nonaginta
416 2701 525 2757 norem
537 2684 617 2745 anni.
661 2685 872 2753 Praecisiorem
889 2684 1114 2743 calculationem
1125 2683 1259 2744 Aaronem

124 2764 324 2861 taciturnitate
344 2796 537 2864 pertranseo!
580 2787 760 2857 ¹Sermonem
778 2808 859 2848 nunc
881 2797 993 2847 vertam
1015 2783 1054 2847 ad
1069 2785 1260 2849 coniunctio·

125 2889 337 2961 nesmaximas
348 2888 486 2955 Sarrum
502 2891 637 2965 etloum,
654 2913 729 2972 quas
739 2893 877 2972 seqstitur
888 2890 985 2949 maior
995 2910 1097 2957 rerum
1109 2891 1257 2952 alteratio.

196 2993 411 3072 ,Capitulum
438 3008 570 3063 seratum
605 2999 642 3055 de
673 2995 901 3056 coniunctionibus
930 2997 1059 3055 maximis
1088 2996 1208 3053 Saturni
1232 3011 1258 3063 et

123 3096 210 3168 Iouis,
239 3119 313 3179 qttaa
332 3100 483 3178 fluxorunt
508 3123 528 3160 a
549 3102 649 3160 mundi
666 3100 797 3172 exordio,
827 3111 900 3176 quas
927 3115 1034 3174 semper
1057 3107 1170 3161 exutae
1196 3111 1260 3158 sunt

123 3205 268 3259 maximae
287 3208 538 3264 transmutationes.
625 3244 628 3265 ;

192 3300 386 3359 'Altitonans
412 3312 514 3375 pater,
545 3301 681 3359 formans
700 3306 788 3355 -astra
817 3293 980 3370 ahialim,
1002 3293 1113 3359 eisdem
1133 3302 1257 3363 cummi.

128 3400 167 3460 sit
203 3396 293 3461 aedes
324 3399 497 3473 interiores,
516 3411 686 3479 ¹-tamquam
714 3396 1072 3478 patentissima-scdulo
1099 3406 1258 3483 agentibus

127 3503 329 3567 familiaribus
358 3484 541 3573 ‘curamsei-
564 3499 743 3569 domesticae
768 3503 905 3567 abiturus
933 3502 1041 3582 tradit,
1075 3521 1108 3570 ut
1136 3508 1254 3574 easdem

127 3607 329 3685 gubernarent
346 3586 601 3687 disponerentque
620 3606 750 3685 benigno
771 3617 810 3667 et<
823 3607 947 3668 salutari
961 3609 1099 3688 ipsorum
1124 3613 1254 3691 influxu,

126 3732 188 3793 cpio
211 3722 347 3784 stinctae,
370 3731 449 3792 quae
472 3711 549 3770 hanc
571 3711 680 3773 incolet
702 3707 810 3770 mundi
830 3707 972 3788 domum,
1003 3726 1153 3777 creaturae
1182 3738 1254 3781 con·

125 3818 239 3879 sultam
257 3814 467 3892 acprorisum
497 3813 594 3888 soret,
617 3815 840 3896 ¹constituitque
861 3815 1001 3877 Mauram
1020 3817 1167 3892 iudicem,
1194 3820 1252 3880 St-

125 3938 252 3978 rvuavna
272 3937 396 3998 quinque
414 3917 545 3977 iustitiae
556 3932 757 3994 executorem,
775 3920 851 3985 alios
872 3934 1026 3999 praeterea
1047 3926 1182 4002 planetas
1200 3925 1249 3986 iu·

128 4019 195 4081 dicii
208 4019 366 4100 ,praesides
386 4034 416 4080 et
435 4023 524 4102 quasi
545 4021 741 4096 mediatores,
772 4022 826 4101 qui
846 4024 943 4084 severi
971 4022 1077 4085 iudicis
1099 4027 1177 4087 bam
1195 4025 1249 4089 de·

124 4125 295 4185 mulcerent.
346 4123 435 4191 Unda
455 4125 592 4203 permisit
611 4146 649 4185 ex
671 4145 776 4185 eorum
798 4126 1005 4201 congressibus
1033 4138 1062 4185 et
1083 4129 1248 4204 configura·

123 4225 258 4295 tionibus
276 4228 431 4299 mirabiles
451 4228 482 4285 in
505 4228 563 4287 hoc
585 4226 698 4289 mundo
719 4224 1077 4304 alterationes-accidere,
1114 4252 1246 4307 praeser-

126 4330 179 4390 tim
197 4349 236 4390 ex
247 4328 338 4389 trium
360 4331 561 4407 superiorum,
583 4329 730 4404 Sarrum,
750 4329 832 4388 lovis
847 4341 875 4389 et
891 4330 1026 4407 blaums,
1047 4345 1171 4409 propter
1181 4332 1246 4390 len·
