2806 4800
718 259 794 328 116

184 471 250 512 care
271 459 385 510 certum
408 456 480 507 erat.
523 445 598 506 Rem
622 445 679 504 tibi
698 445 796 503 offero
818 460 955 520 parvam,
977 435 1099 521 (magna
1115 437 1195 497 enim
1220 440 1333 500 bume-

182 553 224 613 ris
245 551 319 611 meis
339 548 464 609 minime
485 567 582 628 aequa
604 545 688 626 sunt)
710 545 796 604 cuius
817 541 986 621 plurimum
1007 559 1082 618 rogo
1103 536 1199 599 iudex
1213 553 1242 601 et
1262 562 1334 601 cen·

183 672 234 714 sor
255 671 319 713 esse
336 650 421 726 velis,
444 650 524 709 male
546 658 715 707 erratorum
739 644 907 722 castigator.
949 643 1045 703 Penes
1060 654 1090 702 te
1109 641 1158 717 sit,
1179 641 1212 700 in
1227 641 1334 720 publi·

183 773 252 814 cum
273 749 399 832 prodeat
420 761 473 811 aut
495 749 636 829 privatim
661 745 828 824 delitescat3
860 766 924 829 quo
945 747 1040 820 mihi,
1069 757 1123 805 tuo
1145 745 1333 806 Bsnrnono·

184 874 289 928 uino,
309 873 373 914 non
395 871 505 931 parum
528 849 760 928 gratificaberis,
784 847 880 909 donec
900 847 1025 920 uixero,
1045 857 1114 906 tuae
1136 845 1333 924 magnificen-

185 957 244 1016 tiae
264 952 493 1015 officiosissimo.
536 953 631 1028 Vale,
652 952 748 1013 nostri
769 951 921 1032 gymnasii
945 946 1051 1039 decusa
1142 1027 1145 1034 Ι

465 1137 651 1207 Probatio
680 1156 755 1198 non
786 1154 869 1199 esse
892 1129 1050 1217 lepram.

269 1244 476 1323 'Anrsrormrs
506 1254 755 1320 consuetudinem
782 1236 896 1321 imitari
924 1258 1046 1333 voleus,
1072 1255 1159 1335 prius
1174 1246 1332 1337 quaedam

188 1362 343 1423 confutare
363 1360 523 1437 constitui,
544 1358 676 1436 tandem,
698 1357 783 1442 quod
805 1361 916 1422 rectius
937 1361 1037 1421 visum
1058 1357 1160 1431 fuerit,
1185 1353 1331 1418 dicturus.

186 1465 293 1541 Longe
313 1465 396 1523 hunc
416 1462 559 1523 morbum
578 1483 595 1522 a
615 1465 700 1542 lepra
722 1483 785 1524 esse
809 1464 944 1524 alienum
966 1462 1053 1523 facile
1074 1460 1240 1539 probatur,
1263 1478 1333 1519 cum

187 1563 300 1626 nedum
314 1575 423 1638 cutem,
442 1584 642 1644 rerumquae
661 1564 815 1643 penitiora
825 1577 906 1641 sunt,
927 1566 1034 1644 hepar,
1055 1562 1224 1635 cerebrum,
1243 1579 1334 1639 prae-

187 1666 292 1728 sertim
313 1663 411 1726 cordis
431 1663 592 1725 radicalem
615 1663 846 1742 humiditatem,
878 1653 996 1727 foedus¹
1015 1664 1067 1725 hic
1094 1663 1218 1725 morbus
1248 1680 1334 1723 com·

187 1766 359 1846 plectiturs
375 1763 469 1841 adeo5
501 1777 535 1826 ut
560 1767 593 1825 in
614 1763 674 1828 fine
696 1766 830 1828 hominis
852 1766 988 1827 membra
1015 1762 1143 1826 dissolvi
1169 1759 1334 1824 videani'ur

189 1881 218 1929 et
240 1865 520 1928 ferme-incinerari
549 1865 688 1942 humidi,
719 1863 819 1949 (quod
852 1867 948 1928 instar
977 1862 1213 1946 glutiniserat).
1226 1863 1333 1944 privs*

188 1970 281 2029 tioue.
325 1968 447 2028 Testem
467 1967 650 2047 recipiamus
672 1968 858 2030 Autumnum
872 1969 964 2030 tertia
982 1969 1085 2049 quarti
1101 1978 1228 2030 tractatu
1240 1965 1333 2026 tertio

189 2074 222 2131 in
244 2071 318 2130 llaec
338 2069 433 2130 verba
448 2069 650 2131 buribentem:
692 2066 777 2149 lepra
799 2070 844 2132 est
870 2069 1029 2131 iufirmitas
1050 2070 1131 2129 mala
1149 2066 1334 2147 proveniens

190 2194 230 2234 ex
251 2171 408 2252 sparsione
429 2172 546 2232 colerae
566 2170 670 2248 nigrae
685 2165 734 2229 in¹
747 2190 874 2250 corpore
898 2182 981 2246 toto,
1009 2190 1105 2253 quare
1125 2156 1334 2249 corrumpitur

190 2273 361 2353 complexio
389 2272 597 2332 membrorum
630 2284 659 2332 et
678 2271 787 2332 forma
807 2286 840 2333 st
857 2272 960 2351 figura
980 2273 1118 2352 ipsorum
1148 2285 1178 2333 et
1207 2272 1333 2333 fortasse

191 2373 398 2452 corrumpitur
418 2370 452 2430 in
464 2369 530 2432 ime
542 2372 617 2432 'eius
635 2372 776 2450 ipsorum
798 2374 1003 2450 continuitas‚·
1018 2376 1087 2451 ita,
1113 2387 1149 2436 ut
1168 2371 1333 2438 corrodan-

190 2490 242 2538 tur
263 2474 401 2535 membra
421 2485 451 2532 et
472 2471 579 2533 cadant
600 2493 680 2550 casu,
701 2474 757 2556 qui
776 2472 810 2534 iit
835 2477 874 2538 ab
893 2477 1087 2545 ulceratIoae.
1130 2477 1204 2537 Item
1226 2476 1332 2538 Anna

191 2596 262 2639 nors
291 2574 383 2637 tertio
415 2573 535 2652 colliget
563 2571 654 2649 dicit,
689 2576 829 2655 primam
852 2578 954 2656 leprae
979 2577 1173 2639 iniectionem
1204 2576 1332 2639 esseda

191 2676 299 2753 corde,
316 2674 399 2740 'ideo
418 2676 536 2755 genitus
557 2677 604 2736 ab·
626 2684 664 2736 eo'
683 2689 728 2737 cst
747 2679 902 2756 leprosus,
937 2680 1013 2762 quia
1038 2680 1193 2759 passiones
1221 2675 1334 2754 cordis,

191 2798 271 2862 quae
290 2791 364 2840 aaut
383 2777 416 2838 in
431 2779 602 2856 generantis
624 2777 714 2840 corda
727 2780 851 2841 ‘activae
871 2782 921 2844 vel
941 2781 1097 2861 passivae,
1118 2777 1239 2844 tandem
1259 2795 1333 2845 sunt

189 2882 223 2942 in
244 2880 396 2960 generato.
440 2881 475 2942 Si
495 2882 555 2940 alia
576 2881 661 2958 sigua
682 2882 721 2941 ab
745 2882 920 2944 auctoribus
935 2886 1047 2963 scripta
1056 2883 1331 2957 observaverimus,

190 2981 384 3044 manifestum
403 2981 475 3060 erit,
494 2983 603 3042 horum
627 2983 747 3044 nullam
765 2985 1154 3049 esee·communicationem
1183 3005 1252 3047 cum
1272 2985 1333 3046 hoe

189 3087 299 3150 morbo
320 3085 438 3167 gallico.

532 3268 640 3348 Quod
667 3236 986 3355 noamorphaea
1019 3320 1025 3329 -

201 3426 204 3431 -
244 3406 258 3437 ψ·
275 3389 590 3470 Fame-quorundam
604 3393 752 3455 sententia
771 3397 979 3474 propulsatur,
991 3396 1075 3457 hunc
1085 3395 1229 3457 morbum
1247 3396 1331 3453 t'nor·

189 3492 320 3571 phaeam
356 3500 421 3548 aut>
441 3492 530 3551 baras
566 3512 630 3553 esse
660 3497 907 3567 concertantium.
967 3494 1126 3560 offeratur
1157 3494 1246 3555 nobis
1275 3493 1331 3551 fen

188 3588 450 3669 septima-quarti⁴
462 3591 584 3650 canonis
604 3603 731 3652 tractatu
753 3593 884 3654 sectando
902 3597 1000 3656 nostri
1020 3590 1331 3669 Aaomrjainquien-

188 3689 589 3767 tis,‘·morphaeas·c'nussm
618 3696 685 3749 esse
713 3688 901 3753 debilitatem
932 3694 1119 3772 operationis
1145 3685 1330 3758 stromateas,-

189 3788 313 3876 quando
332 3811 395 3851 non
424 3791 570 3852 assimilat
589 3790 810 3853 assimilatione
826 3793 952 3871 integra,
974 3791 1059 3876 quod
1088 3782 1330 3865 intelligendum,

187 3894 389 3973 morpheeam'
408 3890 532 3952 esse'eit
548 3895 633 3954 mala
654 3893 864 3974 complexione
877 3894 982 3956 totius
1008 3894 1084 3956 cutis
1114 3887 1268 3951 interioris
1289 3888 1330 3948 ob

187 3998 327 4076 spdrsum
347 3995 565 4074 phlagmmut
586 3995 706 4074 nigram
718 3997 968 4078 eolesampquae,
988 3995 1140 4076 principio
1153 3987 1278 4073 quidem
1289 3991 1330 4050 ob

187 4097 564 4177 imbecillitatemrltepatis
589 4095 628 4158 ad
650 4096 1058 4179 cutem'expulia,='tandem
1078 4095 1218 4173 longiore
1243 4111 1329 4153 mora

187 4204 286 4257 cutem
306 4198 374 4258 fere
389 4200 519 4261 alienam
542 4198 715 4262 eradicata
733 4221 790 4263 sua
806 4200 1028 4281 'complexione
1048 4203 1205 4262 fecerunta·
1221 4213 1329 4256 sucos·

186 4293 309 4360 denbm
322 4296 443 4362 tandem
459 4302 653 4382 'sangninem
668 4314 711 4366 ut
732 4304 963 4381 nutrimentum,¹
984 4304 1122 4368 inliciunt
1143 4313 1173 4363 et
1193 4295 1330 4380 peregri·
