<?xml version="1.0" encoding="UTF-8"?>
<!DOCTYPE html PUBLIC "-//W3C//DTD XHTML 1.0 Transitional//EN"
    "http://www.w3.org/TR/xhtml1/DTD/xhtml1-transitional.dtd">
<html xmlns="http://www.w3.org/1999/xhtml" xml:lang="en" lang="en">
 <head>
  <title>
</title>
<meta http-equiv="Content-Type" content="text/html;charset=utf-8" />
  <meta name='ocr-system' content='tesseract 3.04.00' />
  <meta name='ocr-capabilities' content='ocr_page ocr_carea ocr_par ocr_line ocrx_word'/>
</head>
<body>
  <div class='ocr_page' id='page_1' title='image "./dieltestenschri00fuchgoog_0092.png"; bbox 0 0 2806 4800; ppageno 0'>
   <div class='ocr_carea' id='block_1_1' title="bbox 673 229 723 297">
    <p class='ocr_par' dir='ltr' id='par_1_1' title="bbox 673 229 723 297">
     <span class='ocr_line' id='line_1_1' title="bbox 673 229 723 297; baseline 0 0"><span class='ocrx_word' id='word_1_1' title='bbox 673 229 723 297; x_wconf 83' lang='lat'><strong>65·</strong></span> 
     </span>
    </p>
   </div>
   <div class='ocr_carea' id='block_1_2' title="bbox 83 407 1345 4386">
    <p class='ocr_par' dir='ltr' id='par_1_2' title="bbox 83 407 1345 4386">
     <span class='ocr_line' id='line_1_2' title="bbox 124 407 1266 498; baseline 0.004 -24"><span class='ocrx_word' id='word_1_2' title='bbox 124 409 303 495; x_wconf 70' lang='lat' dir='ltr'><strong>discrepare,</strong></span> <span class='ocrx_word' id='word_1_3' title='bbox 319 409 403 478; x_wconf 63' lang='lat' dir='ltr'><strong>‘sicut&#39;</strong></span> <span class='ocrx_word' id='word_1_4' title='bbox 427 427 456 476; x_wconf 92' lang='lat' dir='ltr'><strong>et</strong></span> <span class='ocrx_word' id='word_1_5' title='bbox 476 415 556 476; x_wconf 89' lang='lat' dir='ltr'><strong>inter</strong></span> <span class='ocrx_word' id='word_1_6' title='bbox 575 407 614 476; x_wconf 68' lang='lat' dir='ltr'><strong>se&#39;</strong></span> <span class='ocrx_word' id='word_1_7' title='bbox 627 413 740 479; x_wconf 88' lang='lat' dir='ltr'><strong>distare</strong></span> <span class='ocrx_word' id='word_1_8' title='bbox 761 413 917 493; x_wconf 87' lang='lat' dir='ltr'><strong>videntur,</strong></span> <span class='ocrx_word' id='word_1_9' title='bbox 937 416 1082 498; x_wconf 80' lang='lat' dir='ltr'><strong>partitum</strong></span> <span class='ocrx_word' id='word_1_10' title='bbox 1099 436 1165 481; x_wconf 90' lang='lat' dir='ltr'><strong>esse·</strong></span> <span class='ocrx_word' id='word_1_11' title='bbox 1183 430 1213 481; x_wconf 90' lang='lat' dir='ltr'><strong>et</strong></span> <span class='ocrx_word' id='word_1_12' title='bbox 1236 421 1266 479; x_wconf 85' lang='lat' dir='ltr'><strong>ia</strong></span> 
     </span>
     <span class='ocr_line' id='line_1_3' title="bbox 83 507 1269 602; baseline 0.003 -23"><span class='ocrx_word' id='word_1_13' title='bbox 83 574 86 579; x_wconf 86' lang='lat'><em>.</em></span> <span class='ocrx_word' id='word_1_14' title='bbox 123 518 251 596; x_wconf 90' lang='lat' dir='ltr'><strong>singulis</strong></span> <span class='ocrx_word' id='word_1_15' title='bbox 277 522 383 600; x_wconf 89' lang='lat' dir='ltr'><strong>plures</strong></span> <span class='ocrx_word' id='word_1_16' title='bbox 418 519 563 580; x_wconf 81' lang='lat' dir='ltr'><strong>humores</strong></span> <span class='ocrx_word' id='word_1_17' title='bbox 588 507 863 580; x_wconf 56' lang='lat' dir='ltr'><strong>similiter&#39;errare</strong></span> <span class='ocrx_word' id='word_1_18' title='bbox 890 520 1059 602; x_wconf 73' lang='lat' dir='ltr'>solitaeque</span> <span class='ocrx_word' id='word_1_19' title='bbox 1089 533 1120 583; x_wconf 90' lang='lat' dir='ltr'><strong>et</strong></span> <span class='ocrx_word' id='word_1_20' title='bbox 1149 519 1269 585; x_wconf 82' lang='lat' dir='ltr'><strong>debitae</strong></span> 
     </span>
     <span class='ocr_line' id='line_1_4' title="bbox 123 621 1268 705; baseline 0.004 -24"><span class='ocrx_word' id='word_1_21' title='bbox 123 622 251 683; x_wconf 90' lang='lat' dir='ltr'><strong>actionis</strong></span> <span class='ocrx_word' id='word_1_22' title='bbox 271 624 378 683; x_wconf 89' lang='lat' dir='ltr'><strong>callem</strong></span> <span class='ocrx_word' id='word_1_23' title='bbox 397 623 500 698; x_wconf 84' lang='lat' dir='ltr'><strong>exire,</strong></span> <span class='ocrx_word' id='word_1_24' title='bbox 519 621 752 705; x_wconf 83' lang='lat' dir='ltr'><strong>propterquod</strong></span> <span class='ocrx_word' id='word_1_25' title='bbox 774 635 804 685; x_wconf 89' lang='lat' dir='ltr'><strong>et</strong></span> <span class='ocrx_word' id='word_1_26' title='bbox 825 642 931 684; x_wconf 86' lang='lat' dir='ltr'><strong>causae</strong></span> <span class='ocrx_word' id='word_1_27' title='bbox 961 623 1132 702; x_wconf 72' lang='lat' dir='ltr'>incognitae</span> <span class='ocrx_word' id='word_1_28' title='bbox 1154 637 1185 687; x_wconf 92' lang='lat' dir='ltr'><strong>et</strong></span> <span class='ocrx_word' id='word_1_29' title='bbox 1205 645 1268 686; x_wconf 88' lang='lat' dir='ltr'><strong>me-</strong></span> 
     </span>
     <span class='ocr_line' id='line_1_5' title="bbox 124 715 1270 808; baseline 0.006 -26"><span class='ocrx_word' id='word_1_30' title='bbox 124 719 242 784; x_wconf 88' lang='lat' dir='ltr'><strong>dicione</strong></span> <span class='ocrx_word' id='word_1_31' title='bbox 263 721 401 786; x_wconf 85' lang='lat' dir='ltr'><strong>diliiciles</strong></span> <span class='ocrx_word' id='word_1_32' title='bbox 423 725 568 787; x_wconf 82' lang='lat' dir='ltr'><strong>hactenus</strong></span> <span class='ocrx_word' id='word_1_33' title='bbox 590 726 724 787; x_wconf 88' lang='lat' dir='ltr'><strong>fuerunt.</strong></span> <span class='ocrx_word' id='word_1_34' title='bbox 779 716 911 786; x_wconf 62' lang='lat' dir='ltr'><strong>ld&#39;certe</strong></span> <span class='ocrx_word' id='word_1_35' title='bbox 926 715 1061 804; x_wconf 79' lang='lat' dir='ltr'><strong>proprio</strong></span> <span class='ocrx_word' id='word_1_36' title='bbox 1088 725 1121 786; x_wconf 90' lang='lat' dir='ltr'><strong>in</strong></span> <span class='ocrx_word' id='word_1_37' title='bbox 1142 747 1270 808; x_wconf 86' lang='lat' dir='ltr'><strong>corpore</strong></span> 
     </span>
     <span class='ocr_line' id='line_1_6' title="bbox 125 824 1272 907; baseline 0.004 -22"><span class='ocrx_word' id='word_1_38' title='bbox 125 838 271 905; x_wconf 82' lang='lat' dir='ltr'><strong>expertus</strong></span> <span class='ocrx_word' id='word_1_39' title='bbox 285 847 366 889; x_wconf 83' lang='lat' dir='ltr'><strong>sum:</strong></span> <span class='ocrx_word' id='word_1_40' title='bbox 387 824 461 887; x_wconf 91' lang='lat' dir='ltr'><strong>dum</strong></span> <span class='ocrx_word' id='word_1_41' title='bbox 482 827 633 888; x_wconf 71' lang='lat' dir='ltr'><strong>aestuanti</strong></span> <span class='ocrx_word' id='word_1_42' title='bbox 649 826 754 907; x_wconf 89' lang='lat' dir='ltr'><strong>hepati</strong></span> <span class='ocrx_word' id='word_1_43' title='bbox 770 827 1020 906; x_wconf 75' lang='lat' dir='ltr'>refrigerantibus</span> <span class='ocrx_word' id='word_1_44' title='bbox 1032 828 1125 890; x_wconf 85' lang='lat' dir='ltr'><strong>rebus</strong></span> <span class='ocrx_word' id='word_1_45' title='bbox 1144 840 1272 890; x_wconf 82' lang='lat' dir='ltr'><strong>strccur-&#39;</strong></span> 
     </span>
     <span class='ocr_line' id='line_1_7' title="bbox 125 927 1268 1013; baseline 0.006 -27"><span class='ocrx_word' id='word_1_46' title='bbox 125 947 194 988; x_wconf 87' lang='lat' dir='ltr'><strong>rere</strong></span> <span class='ocrx_word' id='word_1_47' title='bbox 204 929 303 1011; x_wconf 67' lang='lat' dir='ltr'><strong>volsci}</strong></span> <span class='ocrx_word' id='word_1_48' title='bbox 310 929 448 1008; x_wconf 91' lang='lat' dir='ltr'><strong>ingentes</strong></span> <span class='ocrx_word' id='word_1_49' title='bbox 457 930 565 1010; x_wconf 89' lang='lat' dir='ltr'><strong>capitis</strong></span> <span class='ocrx_word' id='word_1_50' title='bbox 586 927 708 990; x_wconf 89' lang='lat' dir='ltr'><strong>dolores</strong></span> <span class='ocrx_word' id='word_1_51' title='bbox 719 931 875 1008; x_wconf 84' lang='lat' dir='ltr'><strong>promovi3</strong></span> <span class='ocrx_word' id='word_1_52' title='bbox 896 950 1019 992; x_wconf 84' lang='lat' dir='ltr'><strong>rttrsum</strong></span> <span class='ocrx_word' id='word_1_53' title='bbox 1032 951 1129 1013; x_wconf 89' lang='lat' dir='ltr'><strong>quum</strong></span> <span class='ocrx_word' id='word_1_54' title='bbox 1140 933 1268 994; x_wconf 89' lang='lat' dir='ltr'><strong>nimiam</strong></span> 
     </span>
     <span class='ocr_line' id='line_1_8' title="bbox 125 1030 1269 1111; baseline 0.008 -21"><span class='ocrx_word' id='word_1_55' title='bbox 125 1030 240 1092; x_wconf 89' lang='lat' dir='ltr'><strong>ce&#39;rebri</strong></span> <span class='ocrx_word' id='word_1_56' title='bbox 260 1032 473 1097; x_wconf 72' lang='lat' dir='ltr'><strong>humiditatem</strong></span> <span class='ocrx_word' id='word_1_57' title='bbox 494 1033 578 1095; x_wconf 89' lang='lat' dir='ltr'><strong>siccis</strong></span> <span class='ocrx_word' id='word_1_58' title='bbox 599 1031 826 1095; x_wconf 71' lang='lat' dir='ltr'><strong>medicamentis</strong></span> <span class='ocrx_word' id='word_1_59' title='bbox 847 1030 1021 1094; x_wconf 79' lang='lat' dir='ltr'><strong>refraenare</strong></span> <span class='ocrx_word' id='word_1_60' title='bbox 1046 1035 1170 1098; x_wconf 89' lang='lat' dir='ltr'><strong>molitus</strong></span> <span class='ocrx_word' id='word_1_61' title='bbox 1190 1057 1269 1111; x_wconf 90' lang='lat' dir='ltr'><strong>sum,</strong></span> 
     </span>
     <span class='ocr_line' id='line_1_9' title="bbox 122 1132 1269 1220; baseline 0.008 -28"><span class='ocrx_word' id='word_1_62' title='bbox 122 1132 265 1195; x_wconf 87' lang='lat' dir='ltr'><strong>intestina</strong></span> <span class='ocrx_word' id='word_1_63' title='bbox 293 1135 389 1214; x_wconf 90' lang='lat' dir='ltr'><strong>magis</strong></span> <span class='ocrx_word' id='word_1_64' title='bbox 415 1148 509 1218; x_wconf 88' lang='lat' dir='ltr'><strong>atque</strong></span> <span class='ocrx_word' id='word_1_65' title='bbox 544 1136 640 1214; x_wconf 90' lang='lat' dir='ltr'><strong>magis</strong></span> <span class='ocrx_word' id='word_1_66' title='bbox 677 1147 834 1212; x_wconf 84' lang='lat' dir='ltr'><strong>arserunt3</strong></span> <span class='ocrx_word' id='word_1_67' title='bbox 872 1132 969 1196; x_wconf 85' lang='lat' dir='ltr'><strong>donec</strong></span> <span class='ocrx_word' id='word_1_68' title='bbox 996 1152 1054 1215; x_wconf 88' lang='lat' dir='ltr'><strong>per</strong></span> <span class='ocrx_word' id='word_1_69' title='bbox 1084 1157 1135 1198; x_wconf 90' lang='lat' dir='ltr'><strong>me</strong></span> <span class='ocrx_word' id='word_1_70' title='bbox 1166 1137 1269 1220; x_wconf 90' lang='lat' dir='ltr'><strong>ipsum</strong></span> 
     </span>
     <span class='ocr_line' id='line_1_10' title="bbox 123 1235 1270 1318; baseline 0.009 -23"><span class='ocrx_word' id='word_1_71' title='bbox 123 1236 227 1297; x_wconf 83' lang='lat' dir='ltr'><strong>omnia</strong></span> <span class='ocrx_word' id='word_1_72' title='bbox 246 1235 450 1317; x_wconf 70' lang='lat' dir='ltr'><strong>aegritudinis</strong></span> <span class='ocrx_word' id='word_1_73' title='bbox 466 1250 621 1311; x_wconf 80' lang='lat' dir='ltr'><strong>momenta</strong></span> <span class='ocrx_word' id='word_1_74' title='bbox 647 1236 786 1318; x_wconf 84' lang='lat' dir='ltr'><strong>diligenti</strong></span> <span class='ocrx_word' id='word_1_75' title='bbox 812 1235 1053 1300; x_wconf 74' lang='lat' dir='ltr'><strong>consideratione</strong></span> <span class='ocrx_word' id='word_1_76' title='bbox 1084 1238 1211 1303; x_wconf 77' lang='lat' dir='ltr'><strong>discussi</strong></span> <span class='ocrx_word' id='word_1_77' title='bbox 1240 1256 1270 1306; x_wconf 87' lang='lat' dir='ltr'><strong>et</strong></span> 
     </span>
     <span class='ocr_line' id='line_1_11' title="bbox 123 1339 1272 1447; baseline 0.005 -45"><span class='ocrx_word' id='word_1_78' title='bbox 123 1352 211 1447; x_wconf 62' lang='lat' dir='ltr'><strong>ppst</strong></span> <span class='ocrx_word' id='word_1_79' title='bbox 206 1343 329 1407; x_wconf 83' lang='lat' dir='ltr'><strong>mttltas</strong></span> <span class='ocrx_word' id='word_1_80' title='bbox 357 1341 535 1404; x_wconf 83' lang='lat' dir='ltr'><strong>afflictiones</strong></span> <span class='ocrx_word' id='word_1_81' title='bbox 571 1362 739 1424; x_wconf 86' lang='lat' dir='ltr'><strong>rerumque</strong></span> <span class='ocrx_word' id='word_1_82' title='bbox 774 1362 911 1404; x_wconf 89' lang='lat' dir='ltr'><strong>mearum</strong></span> <span class='ocrx_word' id='word_1_83' title='bbox 946 1339 1121 1404; x_wconf 88' lang='lat' dir='ltr'><strong>discrimina</strong></span> <span class='ocrx_word' id='word_1_84' title='bbox 1149 1345 1272 1407; x_wconf 81' lang='lat' dir='ltr'><strong>sanitati</strong></span> 
     </span>
     <span class='ocr_line' id='line_1_12' title="bbox 124 1435 1345 1533; baseline 0.003 -31"><span class='ocrx_word' id='word_1_85' title='bbox 124 1440 209 1503; x_wconf 76' lang='lat' dir='ltr'><strong>meae</strong></span> <span class='ocrx_word' id='word_1_86' title='bbox 222 1445 345 1509; x_wconf 75' lang='lat' dir='ltr'><strong>auctius</strong></span> <span class='ocrx_word' id='word_1_87' title='bbox 369 1456 398 1506; x_wconf 92' lang='lat' dir='ltr'><strong>et</strong></span> <span class='ocrx_word' id='word_1_88' title='bbox 418 1444 662 1526; x_wconf 75' lang='lat' dir='ltr'><strong>circumspectius</strong></span> <span class='ocrx_word' id='word_1_89' title='bbox 687 1447 845 1508; x_wconf 73' lang='lat' dir='ltr'><strong>concidere</strong></span> <span class='ocrx_word' id='word_1_90' title='bbox 866 1444 962 1525; x_wconf 90' lang='lat' dir='ltr'><strong>coepi.</strong></span> <span class='ocrx_word' id='word_1_91' title='bbox 1242 1507 1252 1533; x_wconf 35' lang='grc' dir='ltr'>ἱ</span> <span class='ocrx_word' id='word_1_92' title='bbox 1342 1435 1345 1439; x_wconf 32' lang='lat'><strong>¹</strong></span> 
     </span>
     <span class='ocr_line' id='line_1_13' title="bbox 209 1542 1270 1632; baseline 0.004 -26"><span class='ocrx_word' id='word_1_93' title='bbox 209 1545 317 1626; x_wconf 84' lang='lat' dir='ltr'><strong>Longe</strong></span> <span class='ocrx_word' id='word_1_94' title='bbox 343 1543 437 1631; x_wconf 79' lang='lat' dir='ltr'><strong>(milri</strong></span> <span class='ocrx_word' id='word_1_95' title='bbox 465 1542 569 1632; x_wconf 86' lang='lat' dir='ltr'><strong>crede)</strong></span> <span class='ocrx_word' id='word_1_96' title='bbox 589 1548 714 1626; x_wconf 88' lang='lat' dir='ltr'><strong>gravior</strong></span> <span class='ocrx_word' id='word_1_97' title='bbox 735 1560 779 1610; x_wconf 88' lang='lat' dir='ltr'><strong>est</strong></span> <span class='ocrx_word' id='word_1_98' title='bbox 801 1548 857 1609; x_wconf 88' lang='lat' dir='ltr'><strong>iste</strong></span> <span class='ocrx_word' id='word_1_99' title='bbox 883 1547 1028 1616; x_wconf 88' lang='lat' dir='ltr'><strong>morbus,</strong></span> <span class='ocrx_word' id='word_1_100' title='bbox 1058 1564 1152 1628; x_wconf 91' lang='lat' dir='ltr'><strong>quam</strong></span> <span class='ocrx_word' id='word_1_101' title='bbox 1179 1542 1270 1627; x_wconf 89' lang='lat' dir='ltr'><strong>puta&#39;·</strong></span> 
     </span>
     <span class='ocr_line' id='line_1_14' title="bbox 123 1638 1310 1732; baseline 0.004 -25"><span class='ocrx_word' id='word_1_102' title='bbox 123 1666 200 1708; x_wconf 91' lang='lat' dir='ltr'><strong>ram.</strong></span> <span class='ocrx_word' id='word_1_103' title='bbox 249 1648 392 1730; x_wconf 84' lang='lat' dir='ltr'><strong>Namque</strong></span> <span class='ocrx_word' id='word_1_104' title='bbox 419 1670 460 1712; x_wconf 83' lang='lat' dir='ltr'><strong>ex</strong></span> <span class='ocrx_word' id='word_1_105' title='bbox 487 1669 523 1712; x_wconf 91' lang='lat' dir='ltr'><strong>eo</strong></span> <span class='ocrx_word' id='word_1_106' title='bbox 550 1647 688 1712; x_wconf 84' lang='lat' dir='ltr'><strong>sordium</strong></span> <span class='ocrx_word' id='word_1_107' title='bbox 709 1649 851 1726; x_wconf 88' lang='lat' dir='ltr'><strong>flumine,</strong></span> <span class='ocrx_word' id='word_1_108' title='bbox 882 1646 967 1732; x_wconf 87' lang='lat' dir='ltr'><strong>quod</strong></span> <span class='ocrx_word' id='word_1_109' title='bbox 998 1649 1088 1711; x_wconf 88' lang='lat' dir='ltr'><strong>tertio</strong></span> <span class='ocrx_word' id='word_1_110' title='bbox 1117 1651 1185 1711; x_wconf 88' lang='lat' dir='ltr'><strong>loco</strong></span> <span class='ocrx_word' id='word_1_111' title='bbox 1212 1668 1272 1730; x_wconf 85' lang='lat' dir='ltr'><strong>pro</strong></span> <span class='ocrx_word' id='word_1_112' title='bbox 1307 1638 1310 1643; x_wconf 38' lang='lat'>⁵</span> 
     </span>
     <span class='ocr_line' id='line_1_15' title="bbox 125 1744 1271 1834; baseline 0.003 -26"><span class='ocrx_word' id='word_1_113' title='bbox 125 1747 258 1811; x_wconf 92' lang='lat' dir='ltr'><strong>secundo</strong></span> <span class='ocrx_word' id='word_1_114' title='bbox 278 1749 472 1813; x_wconf 86' lang='lat' dir='ltr'><strong>incommodo</strong></span> <span class='ocrx_word' id='word_1_115' title='bbox 492 1751 669 1833; x_wconf 89' lang='lat' dir='ltr'><strong>ponendum</strong></span> <span class='ocrx_word' id='word_1_116' title='bbox 691 1753 816 1834; x_wconf 84' lang='lat' dir='ltr'><strong>putavi,</strong></span> <span class='ocrx_word' id='word_1_117' title='bbox 839 1772 937 1834; x_wconf 86' lang='lat' dir='ltr'><strong>quum</strong></span> <span class='ocrx_word' id='word_1_118' title='bbox 958 1751 1019 1812; x_wconf 91' lang='lat' dir='ltr'><strong>iam</strong></span> <span class='ocrx_word' id='word_1_119' title='bbox 1042 1763 1200 1827; x_wconf 66' lang='lat' dir='ltr'><strong>vetustas,</strong></span> <span class='ocrx_word' id='word_1_120' title='bbox 1213 1744 1271 1812; x_wconf 85' lang='lat' dir='ltr'><strong>na·</strong></span> 
     </span>
     <span class='ocr_line' id='line_1_16' title="bbox 125 1849 1272 1936; baseline 0.001 -25"><span class='ocrx_word' id='word_1_121' title='bbox 125 1862 196 1911; x_wconf 90' lang='lat' dir='ltr'><strong>tura</strong></span> <span class='ocrx_word' id='word_1_122' title='bbox 226 1853 276 1913; x_wconf 82' lang='lat' dir='ltr'><strong>vel</strong></span> <span class='ocrx_word' id='word_1_123' title='bbox 313 1849 500 1914; x_wconf 88' lang='lat' dir='ltr'><strong>medicinalis</strong></span> <span class='ocrx_word' id='word_1_124' title='bbox 527 1855 627 1916; x_wconf 81' lang='lat' dir='ltr'><strong>virtus</strong></span> <span class='ocrx_word' id='word_1_125' title='bbox 659 1875 780 1916; x_wconf 89' lang='lat' dir='ltr'><strong>omnem</strong></span> <span class='ocrx_word' id='word_1_126' title='bbox 818 1854 993 1936; x_wconf 73' lang='lat' dir='ltr'><strong>squalorem</strong></span> <span class='ocrx_word' id='word_1_127' title='bbox 1023 1852 1062 1912; x_wconf 90' lang='lat' dir='ltr'><strong>ab</strong></span> <span class='ocrx_word' id='word_1_128' title='bbox 1097 1865 1185 1914; x_wconf 87' lang='lat' dir='ltr'><strong>extra</strong></span> <span class='ocrx_word' id='word_1_129' title='bbox 1215 1853 1272 1912; x_wconf 85' lang='lat' dir='ltr'><strong>ab·</strong></span> 
     </span>
     <span class='ocr_line' id='line_1_17' title="bbox 123 1953 1271 2040; baseline 0.004 -29"><span class='ocrx_word' id='word_1_130' title='bbox 123 1954 257 2031; x_wconf 86' lang='lat' dir='ltr'><strong>sumpsit</strong></span> <span class='ocrx_word' id='word_1_131' title='bbox 294 1964 335 2014; x_wconf 82' lang='lat' dir='ltr'><strong>et·</strong></span> <span class='ocrx_word' id='word_1_132' title='bbox 358 1973 391 2015; x_wconf 91' lang='lat' dir='ltr'><strong>se</strong></span> <span class='ocrx_word' id='word_1_133' title='bbox 421 1955 554 2036; x_wconf 89' lang='lat' dir='ltr'><strong>quisque</strong></span> <span class='ocrx_word' id='word_1_134' title='bbox 589 1955 651 2014; x_wconf 89' lang='lat' dir='ltr'><strong>iam</strong></span> <span class='ocrx_word' id='word_1_135' title='bbox 689 1975 707 2015; x_wconf 88' lang='lat' dir='ltr'><strong>a</strong></span> <span class='ocrx_word' id='word_1_136' title='bbox 737 1953 901 2036; x_wconf 82' lang='lat' dir='ltr'><strong>tyrannide</strong></span> <span class='ocrx_word' id='word_1_137' title='bbox 929 1955 1093 2040; x_wconf 86' lang='lat' dir='ltr'><strong>liberatum</strong></span> <span class='ocrx_word' id='word_1_138' title='bbox 1123 1967 1271 2030; x_wconf 88' lang='lat' dir='ltr'><strong>autumat,</strong></span> 
     </span>
     <span class='ocr_line' id='line_1_18' title="bbox 124 2052 1270 2138; baseline 0.002 -22"><span class='ocrx_word' id='word_1_139' title='bbox 124 2055 200 2116; x_wconf 80' lang='lat' dir='ltr'><strong>novi</strong></span> <span class='ocrx_word' id='word_1_140' title='bbox 222 2052 364 2116; x_wconf 91' lang='lat' dir='ltr'><strong>dolorum</strong></span> <span class='ocrx_word' id='word_1_141' title='bbox 385 2055 482 2117; x_wconf 84' lang='lat' dir='ltr'><strong>rivuli</strong></span> <span class='ocrx_word' id='word_1_142' title='bbox 507 2069 683 2136; x_wconf 88' lang='lat' dir='ltr'><strong>emergunt,</strong></span> <span class='ocrx_word' id='word_1_143' title='bbox 711 2056 821 2138; x_wconf 91' lang='lat' dir='ltr'><strong>quiin</strong></span> <span class='ocrx_word' id='word_1_144' title='bbox 842 2056 986 2128; x_wconf 72' lang='lat' dir='ltr'><strong>ventilas,</strong></span> <span class='ocrx_word' id='word_1_145' title='bbox 1014 2056 1157 2130; x_wconf 86' lang='lat' dir='ltr'><strong>arterias,</strong></span> <span class='ocrx_word' id='word_1_146' title='bbox 1186 2063 1270 2118; x_wconf 88' lang='lat' dir='ltr'><strong>artus</strong></span> 
     </span>
     <span class='ocr_line' id='line_1_19' title="bbox 124 2158 1271 2237; baseline -0.002 -17"><span class='ocrx_word' id='word_1_147' title='bbox 124 2170 155 2220; x_wconf 90' lang='lat' dir='ltr'><strong>et</strong></span> <span class='ocrx_word' id='word_1_148' title='bbox 174 2159 330 2221; x_wconf 85' lang='lat' dir='ltr'><strong>iuncturas</strong></span> <span class='ocrx_word' id='word_1_149' title='bbox 352 2160 559 2221; x_wconf 89' lang='lat' dir='ltr'><strong>membrorum</strong></span> <span class='ocrx_word' id='word_1_150' title='bbox 582 2159 770 2237; x_wconf 91' lang='lat' dir='ltr'><strong>colliguntur</strong></span> <span class='ocrx_word' id='word_1_151' title='bbox 791 2159 874 2220; x_wconf 87' lang='lat' dir='ltr'><strong>etin</strong></span> <span class='ocrx_word' id='word_1_152' title='bbox 897 2158 1054 2218; x_wconf 87' lang='lat' dir='ltr'><strong>nonnullis</strong></span> <span class='ocrx_word' id='word_1_153' title='bbox 1079 2169 1180 2218; x_wconf 89' lang='lat' dir='ltr'><strong>tantos</strong></span> <span class='ocrx_word' id='word_1_154' title='bbox 1202 2179 1271 2218; x_wconf 89' lang='lat' dir='ltr'><strong>cru·</strong></span> 
     </span>
     <span class='ocr_line' id='line_1_20' title="bbox 125 2250 1269 2345; baseline 0.004 -25"><span class='ocrx_word' id='word_1_155' title='bbox 125 2261 221 2323; x_wconf 86' lang='lat' dir='ltr'><strong>ciatus</strong></span> <span class='ocrx_word' id='word_1_156' title='bbox 241 2263 383 2338; x_wconf 83' lang='lat' dir='ltr'><strong>excitant,</strong></span> <span class='ocrx_word' id='word_1_157' title='bbox 405 2263 461 2345; x_wconf 91' lang='lat' dir='ltr'><strong>qni</strong></span> <span class='ocrx_word' id='word_1_158' title='bbox 481 2250 694 2345; x_wconf 83' lang='lat' dir='ltr'><strong>qnadraginta,</strong></span> <span class='ocrx_word' id='word_1_159' title='bbox 714 2261 872 2342; x_wconf 86' lang='lat' dir='ltr'><strong>sexaginta</strong></span> <span class='ocrx_word' id='word_1_160' title='bbox 887 2272 1047 2323; x_wconf 81' lang='lat' dir='ltr'><strong>centumve</strong></span> <span class='ocrx_word' id='word_1_161' title='bbox 1067 2274 1168 2324; x_wconf 90' lang='lat' dir='ltr'><strong>noctes</strong></span> <span class='ocrx_word' id='word_1_162' title='bbox 1180 2283 1269 2344; x_wconf 90' lang='lat' dir='ltr'><strong>pror·</strong></span> 
     </span>
     <span class='ocr_line' id='line_1_21' title="bbox 125 2361 1269 2446; baseline 0.003 -22"><span class='ocrx_word' id='word_1_163' title='bbox 125 2380 186 2424; x_wconf 89' lang='lat' dir='ltr'><strong>sus·</strong></span> <span class='ocrx_word' id='word_1_164' title='bbox 201 2362 357 2438; x_wconf 84' lang='lat' dir='ltr'><strong>insomnes</strong></span> <span class='ocrx_word' id='word_1_165' title='bbox 382 2361 508 2425; x_wconf 78' lang='lat' dir='ltr'><strong>ducunt.</strong></span> <span class='ocrx_word' id='word_1_166' title='bbox 558 2363 667 2446; x_wconf 86' lang='lat' dir='ltr'><strong>Aliqui</strong></span> <span class='ocrx_word' id='word_1_167' title='bbox 699 2362 770 2426; x_wconf 90' lang='lat' dir='ltr'><strong>totis</strong></span> <span class='ocrx_word' id='word_1_168' title='bbox 800 2363 910 2425; x_wconf 87' lang='lat' dir='ltr'><strong>diebus</strong></span> <span class='ocrx_word' id='word_1_169' title='bbox 929 2375 968 2425; x_wconf 69' lang='lat' dir='ltr'><strong>&#39;et</strong></span> <span class='ocrx_word' id='word_1_170' title='bbox 999 2365 1153 2439; x_wconf 86' lang='lat' dir='ltr'><strong>noctibus,</strong></span> <span class='ocrx_word' id='word_1_171' title='bbox 1184 2368 1269 2427; x_wconf 90' lang='lat' dir='ltr'><strong>omni</strong></span> 
     </span>
     <span class='ocr_line' id='line_1_22' title="bbox 125 2462 1269 2545; baseline 0.003 -21"><span class='ocrx_word' id='word_1_172' title='bbox 125 2466 234 2525; x_wconf 84' lang='lat' dir='ltr'><strong>somno</strong></span> <span class='ocrx_word' id='word_1_173' title='bbox 253 2465 376 2542; x_wconf 84' lang='lat' dir='ltr'><strong>abacto,</strong></span> <span class='ocrx_word' id='word_1_174' title='bbox 405 2477 496 2545; x_wconf 86' lang='lat' dir='ltr'><strong>caput</strong></span> <span class='ocrx_word' id='word_1_175' title='bbox 524 2462 646 2540; x_wconf 86' lang='lat' dir='ltr'><strong>dolent,</strong></span> <span class='ocrx_word' id='word_1_176' title='bbox 674 2465 728 2526; x_wconf 91' lang='lat' dir='ltr'><strong>alii</strong></span> <span class='ocrx_word' id='word_1_177' title='bbox 755 2464 927 2526; x_wconf 83' lang='lat' dir='ltr'><strong>ineffabiles</strong></span> <span class='ocrx_word' id='word_1_178' title='bbox 957 2467 1135 2544; x_wconf 87' lang='lat' dir='ltr'><strong>punctiones</strong></span> <span class='ocrx_word' id='word_1_179' title='bbox 1162 2486 1269 2545; x_wconf 85' lang='lat' dir='ltr'><strong>grave·</strong></span> 
     </span>
     <span class='ocr_line' id='line_1_23' title="bbox 126 2562 1270 2649; baseline 0.003 -24"><span class='ocrx_word' id='word_1_180' title='bbox 126 2563 293 2648; x_wconf 79' lang='lat' dir='ltr'><strong>diramque</strong></span> <span class='ocrx_word' id='word_1_181' title='bbox 312 2569 345 2629; x_wconf 89' lang='lat' dir='ltr'><strong>iu</strong></span> <span class='ocrx_word' id='word_1_182' title='bbox 374 2568 505 2649; x_wconf 87' lang='lat' dir='ltr'><strong>scapulis</strong></span> <span class='ocrx_word' id='word_1_183' title='bbox 526 2569 679 2644; x_wconf 89' lang='lat' dir='ltr'><strong>sentiunt,</strong></span> <span class='ocrx_word' id='word_1_184' title='bbox 710 2568 800 2629; x_wconf 89' lang='lat' dir='ltr'><strong>ceteri</strong></span> <span class='ocrx_word' id='word_1_185' title='bbox 829 2568 861 2627; x_wconf 91' lang='lat' dir='ltr'><strong>in</strong></span> <span class='ocrx_word' id='word_1_186' title='bbox 894 2562 1021 2642; x_wconf 87' lang='lat' dir='ltr'><strong>cubitis,</strong></span> <span class='ocrx_word' id='word_1_187' title='bbox 1050 2567 1190 2646; x_wconf 85' lang='lat' dir='ltr'><strong>genubus</strong></span> <span class='ocrx_word' id='word_1_188' title='bbox 1221 2570 1270 2628; x_wconf 84' lang='lat' dir='ltr'><strong>vel</strong></span> 
     </span>
     <span class='ocr_line' id='line_1_24' title="bbox 126 2664 1270 2750; baseline -0.003 -18"><span class='ocrx_word' id='word_1_189' title='bbox 126 2664 249 2732; x_wconf 69' lang='lat' dir='ltr'><strong>moretm</strong></span> <span class='ocrx_word' id='word_1_190' title='bbox 276 2671 441 2746; x_wconf 89' lang='lat' dir='ltr'><strong>teretibus,</strong></span> <span class='ocrx_word' id='word_1_191' title='bbox 478 2671 625 2750; x_wconf 90' lang='lat' dir='ltr'><strong>postremi</strong></span> <span class='ocrx_word' id='word_1_192' title='bbox 654 2670 687 2729; x_wconf 87' lang='lat' dir='ltr'><strong>in</strong></span> <span class='ocrx_word' id='word_1_193' title='bbox 720 2669 958 2731; x_wconf 84' lang='lat' dir='ltr'><strong>istis·0mnibns</strong></span> <span class='ocrx_word' id='word_1_194' title='bbox 995 2669 1141 2731; x_wconf 89' lang='lat' dir='ltr'><strong>membris</strong></span> <span class='ocrx_word' id='word_1_195' title='bbox 1168 2668 1270 2730; x_wconf 86' lang='lat' dir='ltr'><strong>simul.</strong></span> 
     </span>
     <span class='ocr_line' id='line_1_25' title="bbox 126 2771 1271 2856; baseline -0.001 -22"><span class='ocrx_word' id='word_1_196' title='bbox 126 2775 168 2834; x_wconf 89' lang='lat' dir='ltr'><strong>Hi</strong></span> <span class='ocrx_word' id='word_1_197' title='bbox 190 2794 246 2834; x_wconf 93' lang='lat' dir='ltr'><strong>nec</strong></span> <span class='ocrx_word' id='word_1_198' title='bbox 264 2786 354 2844; x_wconf 90' lang='lat' dir='ltr'><strong>stare,</strong></span> <span class='ocrx_word' id='word_1_199' title='bbox 377 2794 431 2834; x_wconf 92' lang='lat' dir='ltr'><strong>nec</strong></span> <span class='ocrx_word' id='word_1_200' title='bbox 448 2771 578 2852; x_wconf 88' lang='lat' dir='ltr'><strong>ingredi,</strong></span> <span class='ocrx_word' id='word_1_201' title='bbox 596 2771 836 2856; x_wconf 87' lang='lat' dir='ltr'><strong>necquidquam</strong></span> <span class='ocrx_word' id='word_1_202' title='bbox 859 2772 961 2852; x_wconf 86' lang='lat' dir='ltr'><strong>operis</strong></span> <span class='ocrx_word' id='word_1_203' title='bbox 979 2771 1109 2834; x_wconf 90' lang='lat' dir='ltr'><strong>humani</strong></span> <span class='ocrx_word' id='word_1_204' title='bbox 1126 2771 1271 2853; x_wconf 83' lang='lat' dir='ltr'><strong>perficere</strong></span> 
     </span>
     <span class='ocr_line' id='line_1_26' title="bbox 125 2873 1271 2956; baseline -0.002 -19"><span class='ocrx_word' id='word_1_205' title='bbox 125 2887 279 2956; x_wconf 78' lang='lat' dir='ltr'><strong>possum.-</strong></span> <span class='ocrx_word' id='word_1_206' title='bbox 315 2876 354 2936; x_wconf 89' lang='lat' dir='ltr'><strong>Et</strong></span> <span class='ocrx_word' id='word_1_207' title='bbox 373 2873 405 2935; x_wconf 90' lang='lat' dir='ltr'><strong>id</strong></span> <span class='ocrx_word' id='word_1_208' title='bbox 428 2887 473 2936; x_wconf 91' lang='lat' dir='ltr'><strong>est</strong></span> <span class='ocrx_word' id='word_1_209' title='bbox 494 2894 618 2950; x_wconf 87' lang='lat' dir='ltr'><strong>causas,</strong></span> <span class='ocrx_word' id='word_1_210' title='bbox 649 2873 723 2935; x_wconf 91' lang='lat' dir='ltr'><strong>dum</strong></span> <span class='ocrx_word' id='word_1_211' title='bbox 744 2873 828 2937; x_wconf 89' lang='lat' dir='ltr'><strong>istud</strong></span> <span class='ocrx_word' id='word_1_212' title='bbox 849 2894 1000 2937; x_wconf 80' lang='lat' dir='ltr'><strong>venenum</strong></span> <span class='ocrx_word' id='word_1_213' title='bbox 1023 2876 1082 2936; x_wconf 87' lang='lat' dir='ltr'><strong>hoc</strong></span> <span class='ocrx_word' id='word_1_214' title='bbox 1103 2873 1213 2948; x_wconf 89' lang='lat' dir='ltr'><strong>modo,</strong></span> <span class='ocrx_word' id='word_1_215' title='bbox 1236 2886 1271 2935; x_wconf 89' lang='lat' dir='ltr'><strong>nt</strong></span> 
     </span>
     <span class='ocr_line' id='line_1_27' title="bbox 126 2977 1272 3058; baseline -0.005 -18"><span class='ocrx_word' id='word_1_216' title='bbox 126 2977 319 3055; x_wconf 80' lang='lat' dir='ltr'><strong>enumeravi,</strong></span> <span class='ocrx_word' id='word_1_217' title='bbox 339 2978 372 3038; x_wconf 90' lang='lat' dir='ltr'><strong>in</strong></span> <span class='ocrx_word' id='word_1_218' title='bbox 395 2996 506 3058; x_wconf 89' lang='lat' dir='ltr'><strong>corpus</strong></span> <span class='ocrx_word' id='word_1_219' title='bbox 524 2979 657 3056; x_wconf 86' lang='lat' dir='ltr'><strong>ingruit,</strong></span> <span class='ocrx_word' id='word_1_220' title='bbox 680 2991 710 3039; x_wconf 89' lang='lat' dir='ltr'><strong>et</strong></span> <span class='ocrx_word' id='word_1_221' title='bbox 730 2992 838 3040; x_wconf 86' lang='lat' dir='ltr'><strong>natura</strong></span> <span class='ocrx_word' id='word_1_222' title='bbox 867 2997 1007 3057; x_wconf 90' lang='lat' dir='ltr'><strong>magnam</strong></span> <span class='ocrx_word' id='word_1_223' title='bbox 1031 2977 1157 3036; x_wconf 86' lang='lat' dir='ltr'><strong>nocivae</strong></span> <span class='ocrx_word' id='word_1_224' title='bbox 1176 2986 1272 3034; x_wconf 91' lang='lat' dir='ltr'><strong>mate·</strong></span> 
     </span>
     <span class='ocr_line' id='line_1_28' title="bbox 126 3069 1272 3162; baseline -0.008 -21"><span class='ocrx_word' id='word_1_225' title='bbox 126 3081 190 3143; x_wconf 88' lang='lat' dir='ltr'><strong>rias</strong></span> <span class='ocrx_word' id='word_1_226' title='bbox 212 3086 336 3162; x_wconf 84' lang='lat' dir='ltr'><strong>&#39;partem</strong></span> <span class='ocrx_word' id='word_1_227' title='bbox 353 3079 407 3143; x_wconf 83' lang='lat' dir='ltr'><strong>ad</strong></span> <span class='ocrx_word' id='word_1_228' title='bbox 436 3082 642 3142; x_wconf 76' lang='lat' dir='ltr'><strong>extremitates</strong></span> <span class='ocrx_word' id='word_1_229' title='bbox 670 3069 801 3142; x_wconf 75' lang='lat' dir='ltr'><strong>exscissit</strong></span> <span class='ocrx_word' id='word_1_230' title='bbox 828 3091 921 3159; x_wconf 90' lang='lat' dir='ltr'><strong>atque</strong></span> <span class='ocrx_word' id='word_1_231' title='bbox 952 3079 985 3138; x_wconf 90' lang='lat' dir='ltr'><strong>in</strong></span> <span class='ocrx_word' id='word_1_232' title='bbox 1012 3076 1152 3155; x_wconf 88' lang='lat' dir='ltr'><strong>reliquiis</strong></span> <span class='ocrx_word' id='word_1_233' title='bbox 1180 3075 1272 3133; x_wconf 79' lang='lat' dir='ltr'><strong>abscr-</strong></span> 
     </span>
     <span class='ocr_line' id='line_1_29' title="bbox 128 3177 1272 3264; baseline -0.012 -18"><span class='ocrx_word' id='word_1_234' title='bbox 128 3184 246 3247; x_wconf 87' lang='lat' dir='ltr'><strong>mendis</strong></span> <span class='ocrx_word' id='word_1_235' title='bbox 266 3182 396 3246; x_wconf 89' lang='lat' dir='ltr'><strong>desudat</strong></span> <span class='ocrx_word' id='word_1_236' title='bbox 417 3185 449 3244; x_wconf 92' lang='lat' dir='ltr'><strong>in</strong></span> <span class='ocrx_word' id='word_1_237' title='bbox 469 3186 539 3264; x_wconf 89' lang='lat' dir='ltr'><strong>ipso</strong></span> <span class='ocrx_word' id='word_1_238' title='bbox 561 3177 678 3263; x_wconf 83' lang='lat' dir='ltr'><strong>opere,-</strong></span> <span class='ocrx_word' id='word_1_239' title='bbox 702 3182 797 3264; x_wconf 88' lang='lat' dir='ltr'><strong>qnod·</strong></span> <span class='ocrx_word' id='word_1_240' title='bbox 809 3182 948 3240; x_wconf 86' lang='lat' dir='ltr'><strong>ciborum</strong></span> <span class='ocrx_word' id='word_1_241' title='bbox 957 3177 1138 3255; x_wconf 32' lang='lat' dir='ltr'><strong>..digestioni</strong></span> <span class='ocrx_word' id='word_1_242' title='bbox 1155 3192 1272 3236; x_wconf 89' lang='lat' dir='ltr'><strong>accom-</strong></span> 
     </span>
     <span class='ocr_line' id='line_1_30' title="bbox 127 3277 1272 3362; baseline -0.01 -13"><span class='ocrx_word' id='word_1_243' title='bbox 127 3287 248 3349; x_wconf 86' lang='lat' dir='ltr'><strong>modari</strong></span> <span class='ocrx_word' id='word_1_244' title='bbox 267 3282 407 3362; x_wconf 68' lang='lat' dir='ltr'><strong>deberet,</strong></span> <span class='ocrx_word' id='word_1_245' title='bbox 428 3296 492 3345; x_wconf 86' lang='lat' dir='ltr'><strong>tota</strong></span> <span class='ocrx_word' id='word_1_246' title='bbox 504 3285 655 3346; x_wconf 84' lang='lat' dir='ltr'><strong>intestina</strong></span> <span class='ocrx_word' id='word_1_247' title='bbox 678 3284 763 3361; x_wconf 89' lang='lat' dir='ltr'><strong>regio</strong></span> <span class='ocrx_word' id='word_1_248' title='bbox 792 3281 896 3341; x_wconf 86' lang='lat' dir='ltr'><strong>multis</strong></span> <span class='ocrx_word' id='word_1_249' title='bbox 918 3278 1007 3340; x_wconf 86' lang='lat' dir='ltr'><strong>malis</strong></span> <span class='ocrx_word' id='word_1_250' title='bbox 1026 3277 1193 3358; x_wconf 73' lang='lat' dir='ltr'><strong>vaporibus</strong></span> <span class='ocrx_word' id='word_1_251' title='bbox 1212 3277 1272 3337; x_wconf 88' lang='lat' dir='ltr'><strong>im·</strong></span> 
     </span>
     <span class='ocr_line' id='line_1_31' title="bbox 125 3370 1271 3468; baseline -0.007 -21"><span class='ocrx_word' id='word_1_252' title='bbox 125 3391 249 3468; x_wconf 86' lang='lat' dir='ltr'><strong>pietur,</strong></span> <span class='ocrx_word' id='word_1_253' title='bbox 280 3404 377 3466; x_wconf 88' lang='lat' dir='ltr'><strong>quum</strong></span> <span class='ocrx_word' id='word_1_254' title='bbox 405 3383 532 3466; x_wconf 89' lang='lat' dir='ltr'><strong>quidem</strong></span> <span class='ocrx_word' id='word_1_255' title='bbox 553 3406 579 3444; x_wconf 85' lang='lat' dir='ltr'><strong>a</strong></span> <span class='ocrx_word' id='word_1_256' title='bbox 607 3381 704 3445; x_wconf 88' lang='lat' dir='ltr'><strong>calida</strong></span> <span class='ocrx_word' id='word_1_257' title='bbox 733 3395 762 3445; x_wconf 91' lang='lat' dir='ltr'><strong>et</strong></span> <span class='ocrx_word' id='word_1_258' title='bbox 790 3383 866 3444; x_wconf 88' lang='lat' dir='ltr'><strong>sicca</strong></span> <span class='ocrx_word' id='word_1_259' title='bbox 887 3370 1066 3464; x_wconf 62' lang='lat' dir='ltr'><strong>squaledlt&#39;m</strong></span> <span class='ocrx_word' id='word_1_260' title='bbox 1090 3379 1212 3440; x_wconf 83' lang='lat' dir='ltr'><strong>alluvie·</strong></span> <span class='ocrx_word' id='word_1_261' title='bbox 1227 3379 1271 3439; x_wconf 92' lang='lat' dir='ltr'><strong>le·</strong></span> 
     </span>
     <span class='ocr_line' id='line_1_32' title="bbox 126 3476 1272 3564; baseline -0.01 -12"><span class='ocrx_word' id='word_1_262' title='bbox 126 3483 233 3553; x_wconf 79' lang='lat' dir='ltr'><strong>res-et</strong></span> <span class='ocrx_word' id='word_1_263' title='bbox 250 3478 356 3547; x_wconf 82' lang='lat' dir='ltr'><strong>acutae</strong></span> <span class='ocrx_word' id='word_1_264' title='bbox 377 3487 586 3548; x_wconf 85' lang='lat' dir='ltr'><strong>exhalationes</strong></span> <span class='ocrx_word' id='word_1_265' title='bbox 614 3488 763 3548; x_wconf 89' lang='lat' dir='ltr'><strong>in&#39;altum</strong></span> <span class='ocrx_word' id='word_1_266' title='bbox 786 3497 971 3563; x_wconf 85' lang='lat' dir='ltr'><strong>exsurgunt3</strong></span> <span class='ocrx_word' id='word_1_267' title='bbox 1001 3476 1023 3546; x_wconf 71' lang='grc' dir='ltr'><strong>α’</strong></span> <span class='ocrx_word' id='word_1_268' title='bbox 1043 3481 1168 3564; x_wconf 85' lang='lat' dir='ltr'><strong>putrida</strong></span> <span class='ocrx_word' id='word_1_269' title='bbox 1196 3501 1272 3542; x_wconf 83' lang='lat' dir='ltr'><strong>rero</strong></span> 
     </span>
     <span class='ocr_line' id='line_1_33' title="bbox 126 3578 1271 3672; baseline -0.008 -18"><span class='ocrx_word' id='word_1_270' title='bbox 126 3611 243 3654; x_wconf 88' lang='lat' dir='ltr'><strong>crassae</strong></span> <span class='ocrx_word' id='word_1_271' title='bbox 262 3578 463 3672; x_wconf 72' lang='lat' dir='ltr'><strong>nebulae²(ut</strong></span> <span class='ocrx_word' id='word_1_272' title='bbox 486 3610 525 3650; x_wconf 87' lang='lat' dir='ltr'><strong>ex</strong></span> <span class='ocrx_word' id='word_1_273' title='bbox 550 3591 624 3652; x_wconf 89' lang='lat' dir='ltr'><strong>locis</strong></span> <span class='ocrx_word' id='word_1_274' title='bbox 647 3587 838 3670; x_wconf 85' lang='lat' dir='ltr'><strong>paludinosis</strong></span> <span class='ocrx_word' id='word_1_275' title='bbox 866 3588 1010 3649; x_wconf 85' lang='lat' dir='ltr'><strong>effumari</strong></span> <span class='ocrx_word' id='word_1_276' title='bbox 1029 3583 1142 3670; x_wconf 88' lang='lat' dir='ltr'><strong>solent)</strong></span> <span class='ocrx_word' id='word_1_277' title='bbox 1168 3604 1271 3646; x_wconf 86' lang='lat' dir='ltr'><strong>ascen·</strong></span> 
     </span>
     <span class='ocr_line' id='line_1_34' title="bbox 128 3687 1272 3783; baseline -0.01 -28"><span class='ocrx_word' id='word_1_278' title='bbox 128 3693 204 3756; x_wconf 89' lang='lat' dir='ltr'><strong>dunt</strong></span> <span class='ocrx_word' id='word_1_279' title='bbox 227 3688 266 3754; x_wconf 89' lang='lat' dir='ltr'><strong>ad</strong></span> <span class='ocrx_word' id='word_1_280' title='bbox 296 3705 385 3771; x_wconf 90' lang='lat' dir='ltr'><strong>caput</strong></span> <span class='ocrx_word' id='word_1_281' title='bbox 413 3693 580 3774; x_wconf 89' lang='lat' dir='ltr'><strong>ipsumque</strong></span> <span class='ocrx_word' id='word_1_282' title='bbox 599 3696 674 3772; x_wconf 88' lang='lat' dir='ltr'><strong>pr&#39;ae</strong></span> <span class='ocrx_word' id='word_1_283' title='bbox 703 3691 875 3783; x_wconf 75' lang='lat' dir='ltr'><strong>frequentia</strong></span> <span class='ocrx_word' id='word_1_284' title='bbox 897 3687 936 3750; x_wconf 90' lang='lat' dir='ltr'><strong>ad</strong></span> <span class='ocrx_word' id='word_1_285' title='bbox 963 3699 1083 3750; x_wconf 85' lang='lat' dir='ltr'><strong>certos·</strong></span> <span class='ocrx_word' id='word_1_286' title='bbox 1079 3687 1158 3750; x_wconf 87' lang='lat' dir='ltr'><strong>dies</strong></span> <span class='ocrx_word' id='word_1_287' title='bbox 1175 3687 1272 3746; x_wconf 85' lang='lat' dir='ltr'><strong>ferme</strong></span> 
     </span>
     <span class='ocr_line' id='line_1_35' title="bbox 128 3787 1271 3896; baseline -0.012 -38"><span class='ocrx_word' id='word_1_288' title='bbox 128 3796 318 3877; x_wconf 83' lang='lat' dir='ltr'><strong>dismrmpere</strong></span> <span class='ocrx_word' id='word_1_289' title='bbox 338 3793 500 3872; x_wconf 84' lang='lat' dir='ltr'><strong>videntur,</strong></span> <span class='ocrx_word' id='word_1_290' title='bbox 523 3797 700 3896; x_wconf 82' lang='lat' dir='ltr'><strong>praesertim</strong></span> <span class='ocrx_word' id='word_1_291' title='bbox 722 3795 924 3875; x_wconf 85' lang='lat' dir='ltr'><strong>posteriorem</strong></span> <span class='ocrx_word' id='word_1_292' title='bbox 952 3804 1089 3873; x_wconf 88' lang='lat' dir='ltr'><strong>partem,</strong></span> <span class='ocrx_word' id='word_1_293' title='bbox 1122 3808 1203 3870; x_wconf 88' lang='lat' dir='ltr'><strong>quae</strong></span> <span class='ocrx_word' id='word_1_294' title='bbox 1221 3787 1271 3846; x_wconf 92' lang='lat' dir='ltr'><strong>in·</strong></span> 
     </span>
     <span class='ocr_line' id='line_1_36' title="bbox 128 3890 1271 3973; baseline -0.011 -13"><span class='ocrx_word' id='word_1_295' title='bbox 128 3900 339 3962; x_wconf 84' lang='lat' dir='ltr'><strong>iumibulis</strong></span> <span class='ocrx_word' id='word_1_296' title='bbox 313 3922 379 3962; x_wconf 83' lang='lat' dir='ltr'><strong>erue</strong></span> <span class='ocrx_word' id='word_1_297' title='bbox 406 3901 546 3962; x_wconf 76' lang='lat' dir='ltr'><strong>fenestris</strong></span> <span class='ocrx_word' id='word_1_298' title='bbox 575 3901 701 3961; x_wconf 89' lang='lat' dir='ltr'><strong>omnino</strong></span> <span class='ocrx_word' id='word_1_299' title='bbox 729 3910 825 3973; x_wconf 85' lang='lat' dir='ltr'><strong>caret,</strong></span> <span class='ocrx_word' id='word_1_300' title='bbox 862 3895 946 3958; x_wconf 75' lang='lat' dir='ltr'><strong>tande</strong></span> <span class='ocrx_word' id='word_1_301' title='bbox 973 3908 1083 3958; x_wconf 88' lang='lat' dir='ltr'><strong>natura</strong></span> <span class='ocrx_word' id='word_1_302' title='bbox 1109 3911 1142 3954; x_wconf 89' lang='lat' dir='ltr'><strong>se</strong></span> <span class='ocrx_word' id='word_1_303' title='bbox 1173 3890 1205 3948; x_wconf 84' lang='lat' dir='ltr'><strong>in</strong></span> <span class='ocrx_word' id='word_1_304' title='bbox 1234 3906 1271 3949; x_wconf 91' lang='lat' dir='ltr'><strong>eo</strong></span> 
     </span>
     <span class='ocr_line' id='line_1_37' title="bbox 127 3989 1272 4084; baseline -0.007 -22"><span class='ocrx_word' id='word_1_305' title='bbox 127 4003 195 4062; x_wconf 89' lang='lat' dir='ltr'><strong>loco</strong></span> <span class='ocrx_word' id='word_1_306' title='bbox 215 4000 300 4062; x_wconf 85' lang='lat' dir='ltr'><strong>haud</strong></span> <span class='ocrx_word' id='word_1_307' title='bbox 321 4015 479 4084; x_wconf 89' lang='lat' dir='ltr'><strong>tantopere</strong></span> <span class='ocrx_word' id='word_1_308' title='bbox 499 4025 517 4064; x_wconf 91' lang='lat' dir='ltr'><strong>a</strong></span> <span class='ocrx_word' id='word_1_309' title='bbox 540 4004 627 4065; x_wconf 86' lang='lat' dir='ltr'><strong>malis</strong></span> <span class='ocrx_word' id='word_1_310' title='bbox 649 3990 878 4084; x_wconf 80' lang='lat' dir='ltr'><strong>qualitatibus,</strong></span> <span class='ocrx_word' id='word_1_311' title='bbox 899 4013 935 4062; x_wconf 93' lang='lat' dir='ltr'><strong>ut</strong></span> <span class='ocrx_word' id='word_1_312' title='bbox 960 4001 994 4060; x_wconf 91' lang='lat' dir='ltr'><strong>in</strong></span> <span class='ocrx_word' id='word_1_313' title='bbox 1015 3994 1186 4076; x_wconf 73' lang='lat' dir='ltr'><strong>cisalpino,</strong></span> <span class='ocrx_word' id='word_1_314' title='bbox 1216 3989 1272 4050; x_wconf 80' lang='lat' dir='ltr'><strong>ubi</strong></span> 
     </span>
     <span class='ocr_line' id='line_1_38' title="bbox 127 4098 1271 4188; baseline -0.004 -27"><span class='ocrx_word' id='word_1_315' title='bbox 127 4110 197 4183; x_wconf 81' lang='lat' dir='ltr'><strong>per</strong></span> <span class='ocrx_word' id='word_1_316' title='bbox 206 4102 343 4178; x_wconf 82' lang='lat' dir='ltr'><strong>natinm</strong></span> <span class='ocrx_word' id='word_1_317' title='bbox 340 4106 498 4165; x_wconf 82' lang='lat' dir='ltr'><strong>foramina·</strong></span> <span class='ocrx_word' id='word_1_318' title='bbox 518 4106 666 4188; x_wconf 87' lang='lat' dir='ltr'><strong>pleraque</strong></span> <span class='ocrx_word' id='word_1_319' title='bbox 688 4103 840 4164; x_wconf 81' lang='lat' dir='ltr'><strong>contraria</strong></span> <span class='ocrx_word' id='word_1_320' title='bbox 867 4101 963 4176; x_wconf 78' lang='lat' dir='ltr'><strong>elicit,</strong></span> <span class='ocrx_word' id='word_1_321' title='bbox 972 4098 1140 4160; x_wconf 82' lang='lat' dir='ltr'><strong>defensare</strong></span> <span class='ocrx_word' id='word_1_322' title='bbox 1162 4100 1271 4187; x_wconf 76' lang='lat' dir='ltr'><strong>potest</strong></span> 
     </span>
     <span class='ocr_line' id='line_1_39' title="bbox 127 4194 1329 4287; baseline -0.013 -22"><span class='ocrx_word' id='word_1_323' title='bbox 127 4207 231 4285; x_wconf 81' lang='lat' dir='ltr'><strong>lp&#39;snttt</strong></span> <span class='ocrx_word' id='word_1_324' title='bbox 253 4194 327 4282; x_wconf 66' lang='lat' dir='ltr'><strong>eigo</strong></span> <span class='ocrx_word' id='word_1_325' title='bbox 348 4207 475 4286; x_wconf 78' lang='lat' dir='ltr'><strong>occiput</strong></span> <span class='ocrx_word' id='word_1_326' title='bbox 485 4216 613 4287; x_wconf 68' lang='lat' dir='ltr'><strong>protam</strong></span> <span class='ocrx_word' id='word_1_327' title='bbox 633 4204 795 4266; x_wconf 77' lang='lat' dir='ltr'><strong>infractum</strong></span> <span class='ocrx_word' id='word_1_328' title='bbox 827 4214 964 4283; x_wconf 88' lang='lat' dir='ltr'><strong>apparet.</strong></span> <span class='ocrx_word' id='word_1_329' title='bbox 1018 4203 1072 4261; x_wconf 89' lang='lat' dir='ltr'><strong>ln</strong></span> <span class='ocrx_word' id='word_1_330' title='bbox 1081 4201 1141 4260; x_wconf 88' lang='lat' dir='ltr'><strong>hac</strong></span> <span class='ocrx_word' id='word_1_331' title='bbox 1167 4194 1271 4256; x_wconf 88' lang='lat' dir='ltr'><strong>crebra</strong></span> <span class='ocrx_word' id='word_1_332' title='bbox 1323 4208 1329 4217; x_wconf 82' lang='lat'><strong><em>¹</em></strong></span> 
     </span>
     <span class='ocr_line' id='line_1_40' title="bbox 129 4291 1271 4386; baseline -0.01 -18"><span class='ocrx_word' id='word_1_333' title='bbox 129 4298 359 4368; x_wconf 82' lang='lat' dir='ltr'><strong>erelralationutls</strong></span> <span class='ocrx_word' id='word_1_334' title='bbox 373 4306 557 4369; x_wconf 72' lang='lat' dir='ltr'><strong>inmissione</strong></span> <span class='ocrx_word' id='word_1_335' title='bbox 585 4312 619 4368; x_wconf 74' lang='lat' dir='ltr'><strong>et‘</strong></span> <span class='ocrx_word' id='word_1_336' title='bbox 641 4304 872 4386; x_wconf 84' lang='lat' dir='ltr'><strong>repercussione</strong></span> <span class='ocrx_word' id='word_1_337' title='bbox 909 4298 1062 4384; x_wconf 78' lang='lat' dir='ltr'><strong>quiequid</strong></span> <span class='ocrx_word' id='word_1_338' title='bbox 1081 4291 1271 4378; x_wconf 64' lang='lat' dir='ltr'><strong>phlegmatis</strong></span> 
     </span>
    </p>
   </div>
   <div class='ocr_carea' id='block_1_3' title="bbox 926 4419 944 4477">
    <p class='ocr_par' dir='ltr' id='par_1_3' title="bbox 926 4419 944 4477">
     <span class='ocr_line' id='line_1_41' title="bbox 926 4419 944 4477; baseline 0 0"><span class='ocrx_word' id='word_1_339' title='bbox 926 4419 944 4477; x_wconf 83' lang='lat'>5</span> 
     </span>
    </p>
   </div>
   <div class='ocr_carea' id='block_1_4' title="bbox 0 0 1413 4800">
    <p class='ocr_par' dir='ltr' id='par_1_4' title="bbox 0 0 1413 4800">
     <span class='ocr_line' id='line_1_42' title="bbox 0 0 1413 4800; baseline 0 0"><span class='ocrx_word' id='word_1_340' title='bbox 0 0 1413 4800; x_wconf 95' lang='lat' dir='ltr'><strong> </strong></span> 
     </span>
    </p>
   </div>
  </div>
 </body>
</html>
