2806 4800
655 261 729 334 297

129 455 193 516 visa
206 454 292 514 luere
306 451 340 512 in
352 449 465 511 morbis
476 446 635 530 quibusvis
647 446 680 509 in
696 448 822 512 materia
834 447 995 511 similibus.
1036 447 1148 510 Nostra
1158 449 1263 532 itaque

128 576 212 620 mens
226 555 264 619 ds
275 555 440 617 essebuius
457 553 560 614 morbi
578 566 639 616 est:
658 567 734 636 puto
748 554 888 639 primum
906 554 1006 635 ipsum
1028 553 1263 615 lorenominan·

128 660 203 723 dum
223 658 437 740 pudendorum
452 656 644 740 putredines,
663 660 793 722 scabiem
816 661 1263 740 pustulosam,.nonnunquam

129 767 313 840 ulcerosam,
344 784 434 844 saepe
453 775 554 824 tamen
574 763 677 846 aliqua
696 782 849 826 venenosa
863 765 1009 846 qualitate
1026 775 1057 824 st
1072 762 1189 823 occulta
1208 758 1264 822 do·

128 878 220 927 tetam
240 866 375 929 exvaria
395 867 559 928 humorum
580 862 774 948 corruptione
792 878 944 948 generata,
963 866 1117 947 paulative
1134 865 1192 928 ista
1212 887 1264 928 ve·
1334 894 1346 907 s
1374 860 1377 869 ’

128 990 241 1031 nennsn
260 990 316 1031 sua
336 969 482 1050 qualitate
503 970 649 1032 humores
677 971 769 1033 totius
790 969 926 1050 corpore
954 990 972 1030 a
999 968 1130 1031 naturali
1161 967 1265 1049 dispo·

127 1071 242 1134 sitione·
267 1075 458 1148 alterantem,
493 1069 660 1153 aliquando
696 1093 765 1135 eum
800 1091 913 1151 magno
941 1069 1065 1148 dolore,
1097 1070 1264 1154 aliquando
1303 1147 1306 1155 Ι

128 1177 215 1236 nullo
236 1178 285 1238 vel
306 1177 410 1239 saltem
432 1194 539 1254 parvo,
560 1195 783 1259 nonnunquam
800 1187 898 1252 extra,
913 1171 1081 1257 aliquando
1099 1174 1179 1236 intra
1199 1195 1266 1236 cor·

128 1299 188 1358 pus
206 1277 371 1341 secundum
392 1279 732 1342 varietatemmateriae
753 1291 783 1340 et
803 1278 872 1340 loci.
921 1276 992 1340 Non
1015 1276 1151 1353 miraris,
1178 1277 1264 1361 quod

128 1382 172 1442 sic
187 1382 289 1462 ipsum
309 1381 469 1464 descripsi,
502 1403 558 1445 nec
577 1385 668 1446 unico
688 1385 814 1446 nomine
834 1403 897 1445 non
916 1382 1155 1459 nominaverim,
1184 1395 1267 1444 tenta

127 1485 209 1546 enirn
235 1483 371 1551 doctrina
399 1489 493 1550 buius
520 1488 627 1551 morbi
653 1501 687 1552 et
719 1489 847 1550 varietas
867 1501 930 1565 est,
961 1485 1046 1571 quod
1076 1507 1139 1548 non
1166 1488 1264 1548 solum

127 1590 293 1671 aliquando
314 1594 413 1673 specie
434 1592 488 1654 sed
510 1607 539 1655 et
560 1613 669 1672 genere
691 1591 816 1654 differre
836 1591 967 1655 videtur.
1010 1591 1163 1654 Conuenit
1175 1592 1265 1653 etiem

128 1691 245 1754 medico
266 1692 304 1755 de
325 1695 502 1756 nominibus
523 1696 567 1755 nil
591 1708 644 1757 aut
663 1717 773 1776 parum
795 1694 968 1777 disceptare
988 1695 1184 1771 morborum,
1213 1693 1265 1756 sed

128 1808 268 1858 naturam
289 1798 390 1858 morbi
411 1810 441 1860 et
460 1797 710 1862 eiusaccidentia
727 1801 908 1880 exprimere.

213 1899 363 1962 lenoster
382 1902 518 1976 morbus,
538 1922 636 1983 quum
658 1903 697 1963 sit
708 1904 878 1982 populatim
897 1922 1008 1980 vagans
1019 1922 1075 1980 per
1093 1903 1204 1962 multas
1217 1916 1266 1963 re-

128 2005 245 2084 giones,
264 2025 336 2068 vere
353 2003 541 2086 epidemialis
562 2024 616 2066 ssu
627 2001 778 2084 epidemia
798 2017 896 2085 potest
914 2005 1082 2084 appellari·
1114 2001 1268 2077 Quemad-

128 2106 253 2170 modum
276 2109 357 2170 enim
378 2109 589 2189 pestilentialis
609 2109 737 2170 morbus
756 2128 825 2169 cum
837 2108 1010 2168 bubonibus
1031 2118 1083 2167 aut
1097 2106 1173 2183 sine,
1196 2128 1268 2170 vere

128 2211 222 2273 febris
245 2212 453 2293 pestilentialis
474 2213 658 2291 appellatus,
686 2223 900 2291 saepeacutse
925 2222 955 2271 et
978 2210 1084 2271 subtili
1107 2211 1267 2273 venenosi·

127 2315 184 2376 tati
203 2315 363 2395 participat
380 2336 420 2376 ex
440 2314 605 2376 influentiis
624 2315 658 2375 in
678 2321 748 2375 stirs
769 2314 892 2376 occtrltis
912 2312 1051 2390 malignis
1079 2326 1109 2375 st
1134 2333 1267 2376 veneno·

128 2417 178 2492 sis,
199 2417 379 2480 iacientibus
399 2419 457 2479 cito
479 2417 720 2498 corpus'perire,
741 2417 767 2478 si
789 2417 885 2477 basim
905 2418 997 2493 sitae,
1020 2429 1094 2496 puta
1111 2436 1178 2492 cor,
1198 2418 1267 2480 teti·

127 2520 240 2598 gerini:
263 2519 306 2580 sic
326 2532 430 2582 nostra
449 2521 562 2584 scabies
582 2540 758 2583 seu-ecorrs
778 2540 929 2583 venenosa
959 2519 1104 2601 qualitate
1134 2517 1266 2600 quadem

127 2642 189 2684 non
216 2635 262 2685 est
289 2624 434 2703 spoliata,
473 2644 535 2706 qua
555 2620 649 2686 -terde
675 2637 707 2685 et
733 2644 801 2684 cum
832 2635 971 2702 tempore
997 2622 1144 2682 bumores
1162 2623 1264 2684 ‘totius

127 2726 264 2805 corporis
287 2724 325 2785 ad
345 2742 432 2787 suam
454 2726 633 2806 qualitatem
655 2727 802 2799 alterans,
838 2743 878 2785 ex
898 2722 1063 2783 influentiis
1087 2725 1210 2786 occttltis
1230 2727 1263 2786 in

127 2835 196 2888 aere
226 2825 313 2889 tarde
337 2846 409 2888 suos
438 2827 561 2888 effectus
590 2824 798 2906 producentes.
855 2823 945 2886 Unde
969 2825 1012 2886 sic
1041 2826 1172 2888 alteratis
1205 2829 1265 2890 bu-

128 2928 265 2991 moribus
286 2943 394 2992 natura
424 2930 542 3010 respuit
562 2943 729 3013 «tamquam
755 2929 877 2991 nocivas
909 2930 1069 3012 ipsamque
1095 2945 1264 3010 pungentes

128 3047 158 3096 et
177 3055 399 3118 nonnunquam
418 3036 560 3116 primitus
572 3033 610 3097 ad
632 3048 732 3116 partes
741 3035 877 3114 corporIs
889 3035 985 3112 magis
1004 3033 1160 3113 putredini
1169 3047 1265 3114 aptas,

126 3151 201 3220 pute
222 3142 394 3202 membrum
415 3141 504 3203 virile
523 3152 576 3201 aut
597 3141 703 3201 vulvas
720 3139 895 3215 mulierum,
916 3134 1052 3218 depellit.
1095 3139 1203 3199 Postea
1214 3160 1263 3200 ex

125 3219 220 3305 nimia
241 3247 409 3306 humorum
430 3244 609 3306 alterations
640 3255 669 3304 et
696 3245 777 3303 mals
802 3263 837 3305 so
856 3255 969 3303 natura.
992 3239 1175 3318 deonerans,
1202 3243 1264 3307 illis

125 3349 263 3428 partibus
289 3368 351 3408 non
382 3348 617 3423 sufficientibus,
648 3346 803 3429 reliquum
825 3345 928 3409 *totius
955 3346 1090 3427 corporis
1116 3346 1263 3418 'inlicitum

125 3453 154 3512 Is
173 3450 264 3512 etiam
287 3451 401 3511 humor
420 3451 549 3526 noxius,
577 3470 669 3533 quem
698 3463 807 3511 ueturs
825 3446 1006 3510 imbecillior
1034 3463 1129 3514 tentat
1156 3456 1262 3534 expel-

125 3556 204 3630 lere,
230 3572 293 3616 non
312 3565 412 3635 potest
432 3555 597 3638 aliquando
617 3554 656 3616 ad
679 3556 830 3617 exteriora
850 3557 928 3619 cutis
959 3557 1060 3638 ipsum
1081 3562 1262 3641 propellere,

124 3654 246 3719 taudem
265 3656 298 3717 in
319 3658 515 3720 articulorum
535 3678 645 3720 nervos
663 3658 806 3738 impellit,
823 3659 931 3743 ibique
949 3660 1102 3740 ingentem
1122 3661 1261 3724 dolorem

124 3761 242 3823 excitat.
284 3760 328 3824 Ut
347 3762 429 3822 enim
449 3761 536 3823 aiunt
556 3759 680 3840 medici,
701 3764 777 3826 solet
795 3785 828 3826 ss
850 3777 958 3827 natura
977 3780 1122 3845 oppressa
1144 3767 1171 3826 si
1190 3779 1261 3846 pot·

125 3875 170 3922 ost
190 3866 343 3939 relevere,
374 3864 530 3926 materiam
558 3866 669 3928 scilicet
701 3866 840 3927 inutilem
870 3887 889 3927 s
920 3867 1066 3928 membris
1093 3867 1208 3929 intimis
1230 3881 1260 3933 et

124 3965 343 4046 principalibus
369 3966 408 4029 od
444 3969 595 4031 exteriora
623 3968 700 4030 cutis
731 3969 867 4030 emittere
892 3971 944 4030 vel
972 3981 1072 4049 partes
1100 3969 1259 4052 ignobiles,

125 4067 230 4147 quales
254 4083 326 4131 sunt
354 4070 566 4150 glandulosae,
595 4069 738 4153 pudenda
745 4112 769 4149 ,-
788 4073 889 4134 fauces
896 4114 906 4148 ,
935 4072 1107 4152 inguinario
1125 4087 1207 4152 eto,
1222 4089 1259 4139 et

124 4168 213 4229 etiam
235 4188 324 4249 saepe
344 4172 383 4232 sd
402 4177 599 4238 amieutorum
620 4177 811 4257 compagines
833 4174 1040 4253 detrudendo;
1075 4190 1146 4239 sunt
1175 4178 1256 4242 enim

125 4274 182 4334 bae
201 4292 275 4352 prae
296 4275 401 4336 esteris
420 4273 460 4335 ad
479 4277 683 4359 suscipiendas
701 4280 924 4361 superfluitates
943 4293 1041 4361 aptas.
1067 4308 1070 4313 ·
1094 4278 1197 4358 Quare
1223 4282 1256 4342 in

124 4386 228 4438 nosue
246 4375 356 4438 morbo
376 4375 483 4456 getlieo
502 4400 564 4442 una
584 4379 750 4464 eademque
770 4381 897 4446 materia
926 4385 1155 4468 susqnalitate
1183 4402 1255 4466 pro·
