2806 4800
651 243 725 320 281

132 464 159 486 ,ι
215 431 310 492 Hand
331 434 470 493 admittes
484 440 539 507 etc.
562 464 601 480 -
653 429 820 493 Verissime
838 426 1073 512 praesagiuisti,
1087 429 1139 494 ssd
1159 434 1273 509 nescio,

128 553 191 615 quo
213 532 321 609 sidere,
344 553 408 614 quo
430 529 576 610 auspicio
620 530 837 593 Aitrsrorrnsm
858 529 889 615 (a
907 533 992 594 ouius
1013 529 1144 596 inuentis
1165 549 1274 597 natura

127 657 190 697 non
214 633 376 718 discrepat)
394 633 432 695 ds
446 635 578 694 metrice
598 637 773 716 astrologia,
792 648 827 697 nt
847 657 904 715 par
926 630 987 713 eit,
1006 635 1145 714 admitto,
1166 657 1275 698 verum

128 739 365 800 commentitiam
387 752 479 801 tunm*
493 749 524 799 et
544 749 696 800 extortam
724 737 858 818 glossam
880 730 1209 817 tersffldoedantem,
1240 747 1275 800 nt

128 843 206 903 satis
216 858 372 923 superque
396 841 570 919 explosam,
598 844 773 904 nullatcnus
797 842 930 923 recipior
947 832 1276 904 :irtsmttamnstnsu-

118 963 186 1022 ,per
202 945 370 1005 redonen.
375 941 538 1020 Cognitis)
546 943 635 1004 enim
643 945 784 1007 veritatis
796 957 840 1006 est
856 941 969 1006 solutio
977 943 1182 1006 obiectorum:
1206 963 1276 1007 cunt

130 1065 204 1110 vero
228 1045 275 1106 ad
278 1047 400 1108 obiecta
414 1045 505 1105 nimis
526 1044 630 1125 inepte
650 1045 851 1126 respondeas,
872 1044 1051 1109 diverticula
1064 1043 1275 1107 tantummodo

130 1146 288 1231 quiterens,
309 1136 519 1228 astrologiam,
551 1161 586 1210 ot
613 1149 740 1212 omnino
762 1150 886 1227 islsam,
914 1151 997 1229 plus
1005 1146 1153 1224 destruis,
1181 1168 1274 1229 quam

130 1254 253 1332 astruis3
277 1251 400 1336 quodsi
419 1251 574 1333 quispiam
585 1253 680 1314 alias
671 1268 768 1333 ipsam
778 1273 881 1316 veram
889 1250 1080 1327 credidisset,
1097 1248 1275 1313 delirationc

125 1368 180 1417 -tua
200 1376 363 1436 persuasus
380 1351 481 1418 meras
503 1374 599 1432 nugas
617 1355 777 1438 anilestp'uc
796 1357 922 1417 fabellae
942 1355 1076 1435 amplius
1094 1352 1274 1414 aestimabit.

210 1460 404 1542 Ncqncratio
427 1458 503 1519 deest
518 1470 578 1518 etc.
601 1491 659 1504 -=
696 1455 774 1533 Quis
794 1454 872 1520 mihi
893 1461 1119 1531 Danosraarns
1139 1465 1276 1540 unquam

128 1561 340 1637 persuasisset,
363 1560 425 1621 uiti
443 1558 602 1622 effudisses
617 1561 683 1639 ipse
698 1572 782 1621 tuam
806 1563 886 1622 hanc
899 1561 931 1621 in
952 1562 1045 1623 rebus
1060 1561 1226 1624 manifestis
1248 1577 1278 1624 et

128 1659 323 1726 elementario
334 1680 432 1744 puero
443 1664 571 1741 cognitis
583 1662 827 1742 ignorationem?
860 1664 939 1725 Cum
953 1664 1034 1724 enim
1046 1662 1195 1724 medicina
1204 1685 1277 1744 pro·

128 1768 179 1825 cul
197 1764 367 1828 dnbiouna
389 1765 512 1826 scientia
524 1765 626 1847 sitque
637 1765 702 1828 citis
722 1767 919 1845 finientium,
941 1767 1040 1848 ipsius
1060 1779 1278 1848 quoqueactus

60 1902 62 1905 v
128 1867 235 1928 unicus
249 1869 316 1928 erit.
358 1864 450 1940 Quod
463 1868 642 1945 repugnare
655 1867 803 1929 distinctis
816 1871 967 1930 theoricae
980 1881 1011 1930 et
1022 1870 1169 1949 practicae
1182 1871 1277 1930 scien·

128 1970 190 2045 tiis,
216 1971 442 2051 Aursrorsnrcs
458 1970 551 2030 habet
567 1967 700 2045 traditio,
723 1989 802 2050 quae
818 1967 905 2031 docet
919 1984 1069 2050 peractus
1082 1962 1277 2032 diversificari

128 2071 260 2132 habitus.
312 2072 348 2130 ln
381 2070 513 2132 scientiis
545 2070 636 2137 etiam
667 2071 846 2135 humanitus
879 2072 1011 2132 inventis
1046 2073 1216 2132 theoricum
1249 2089 1279 2137 et

127 2173 294 2253 practicum
316 2171 462 2234 exomni
484 2171 622 2233 confesso
643 2170 872 2234 distinctionem¹
889 2185 984 2250 agunt
1004 2173 1190 2252 specificam:
1223 2182 1279 2238 nec

129 2283 164 2336 ea
175 2275 323 2355 prolecto,
336 2274 395 2336 nisi
414 2274 580 2356 aequivoce
592 2287 723 2351 tantum,
737 2288 897 2355 ponuntur
912 2273 1103 2337 differentiae
1113 2274 1278 2340 medicinae

127 2379 168 2438 ab
189 2379 348 2440 Avrcrrus
369 2376 471 2456 primo
494 2377 636 2456 canonis3
669 2374 790 2438 easdam
815 2381 950 2459 namque
973 2375 1162 2442 differentias
1183 2401 1278 2460 genus

128 2492 160 2540 et
180 2480 296 2560 species
323 2498 386 2556 non
409 2479 588 2541 sortiuntur
644 2481 725 2541 Dein
748 2479 846 2563 (quod
867 2479 926 2565 ais)
954 2479 1104 2543 iudicium
1122 2505 1179 2563 per
1198 2496 1279 2547 astra

126 2583 258 2664 requirit
277 2583 311 2642 in
324 2583 467 2644 motibus
488 2583 564 2644 coeli
586 2580 967 2664 ordinationem‚³·placet:
989 2584 1042 2646 sed
1064 2588 1208 2664 astrologi
1221 2589 1278 2649 ho·

128 2685 220 2746 minis
240 2707 353 2749 revera>
368 2706 430 2748 noa
459 2686 513 2747 est
536 2681 680 2748 ordinare
702 2699 803 2746 motus
825 2688 918 2762 coeli,
953 2688 1093 2767 quinimo
1115 2690 1209 2748 solius
1228 2687 1279 2749 dei

127 2787 237 2864 optimi
257 2789 386 2849 maximi
407 2799 461 2847 aut
480 2787 700 2862 intelligentiae
729 2787 881 2847 moventis
900 2788 960 2847 hoc
981 2786 1074 2847 officii
1096 2801 1159 2864 est,
1192 2789 1276 2870 quod

126 2899 246 2947 tantum
268 2908 448 2967 cognoscere
468 2901 506 2950 et·
521 2886 654 2970 quidem·
668 2889 725 2968 pe'r
753 2891 939 2969 cacepotesin
958 2891 1077 2951 laborat
1098 2894 1277 2970 astrologus.

127 2986 246 3063 Quodsi
268 2989 401 3075 denique
421 2994 607 3056 Aursrorrnr
626 2989 797 3067 oredimus,
827 2995 1003 3054 nullatenus
1035 2992 1168 3054 dicemus
1191 2996 1277 3071 prin·-

127 3093 206 3173 cipia
225 3097 428 3156 astronomiae
449 3107 578 3172 motus,
575 3091 642 3156 sed
659 3095 729 3154 illos
750 3091 955 3172 perquirendi
970 3090 1096 3152 exordia
1110 3094 1277 3152 mathema·

126 3198 184 3258 tice
205 3200 354 3259 conclusa.
397 3200 582 3276 Astrologus
600 3215 673 3274 ergo
690 3216 749 3275 per
770 3207 871 3255 motus
892 3194 985 3270 coeli,
1011 3212 1089 3274 quos
1108 3211 1170 3252 non
1192 3189 1277 3263 ordi,-

128 3311 199 3374 na'tp
220 3316 276 3376 per
292 3310 330 3356 ts
343 3295 423 3356 nihil
444 3296 601 3358 iudicabit.

213 3402 271 3460 Sed
293 3419 382 3479 quam
401 3399 557 3480 efficaciter
577 3413 632 3462 etc.
654 3433 696 3446 -·
750 3400 789 3463 Si
811 3395 941 3462 ¹videndi
960 3398 1092 3460 rationes
1105 3398 1275 3474 »tenebrae

127 3503 153 3562 si
173 3502 253 3563 ratio
272 3499 396 3562 auditus
416 3503 570 3566 silentium
593 3517 657 3581 eat,
688 3504 746 3566 erit
772 3505 936 3582 astrologia
965 3504 1046 3565 ratio
1075 3501 1275 3583 cognoscendi

127 3604 232 3664 multa.
276 3600 543 3677 Quemadmodum
564 3626 698 3688 namque
717 3609 774 3668 sub
797 3608 929 3668 tenebris
954 3627 1016 3681 ¹non
1045 3605 1179 3670 videndo
1201 3605 1275 3668 dici·

124 3717 177 3766 tur
198 3703 296 3768 videri
317 3690 427 3788 corpus
441 3720 477 3779 ‚et
491 3709 523 3769 in
536 3711 658 3772 silentio
679 3709 782 3772 auditi
799 3731 902 3787 senus,
923 3711 966 3772 ita
980 3712 1043 3772 nori
1057 3707 1275 3789 cognoscendo,

126 3821 237 3889 utpote
253 3831 311 3890 per
332 3811 712 3890 privationem'·=vericatis,
729 3814 917 3893 saetrologiea
938 3814 1156 3892 cognoscimus,
1180 3829 1273 3891 quam

125 3933 267 3988 erronea,
301 3914 391 3989 falsa,
423 3915 530 3995 sibipsi
569 3919 778 3997 oppugnantia
807 3930 835 3978 et
871 3917 1075 3996 contingentia
1110 3914 1273 3975 rarissime.

124 4011 297 4090 Astrologia
319 4035 464 4093 ergouon
477 4029 521 4078 est
541 4018 631 4092 ratio,
654 4017 707 4079 sed
730 4019 874 4080 tenebrae
887 4015 1175 4098 comprehendentes
1194 4017 1291 4092 illos,

126 4112 182 4192 qui
204 4133 350 4192 cupreae
372 4133 524 4196 quaerunt
545 4133 575 4181 et
597 4141 732 4181 errorem
757 4117 913 4195 incidunt,
936 4121 973 4180 >in
996 4138 1060 4200 quo
1090 4138 1193 4204 errore
1214 4119 1271 4183 tat·

124 4218 188 4275 lere
209 4226 238 4274 et
259 4214 325 4275 falti
346 4237 408 4276 non
422 4221 622 4297 hominiscst,
641 4221 693 4284 sed
715 4223 921 4301 professionis.
942 4258 945 4264 ·
962 4224 1165 4302 Exploratum
1183 4240 1271 4299 pras·

123 4331 206 4380 terea
222 4328 272 4393 est
294 4330 323 4378 et
343 4321 622 4404 certumltlunsmo
638 4323 736 4407 testa),
758 4322 968 4387 discretionem
981 4345 1084 4402 sexos,
1105 4325 1191 4406 quia
1205 4341 1270 4381 ma·
