2806 4800
196 806 377 893 Arorsuis
404 818 613 891 Msautuus
640 820 768 892 auctori
794 827 954 894 Iosnruo
981 821 1014 895 S.
1040 849 1073 922 p.
1097 822 1187 896 dicit.

125 1007 221 1144 Non
242 1101 364 1161 possum
385 1079 441 1142 tibi
463 1101 525 1141 non
546 1077 672 1156 debere,
693 1102 790 1164 quum
812 1101 916 1143 omnes
936 1079 993 1142 tibi
1015 1079 1160 1160 debeant,
1181 1080 1255 1144 dum

124 1186 221 1265 ignoti
241 1186 342 1246 morbi
363 1198 392 1246 et
414 1185 584 1264 peregrini,
606 1207 669 1268 quo
699 1207 808 1266 parens
829 1186 1008 1262 hominum,
1041 1200 1070 1249 et
1090 1208 1179 1266 saepe
1199 1208 1256 1249 no·

123 1310 211 1350 verca
232 1303 340 1350 natura
364 1309 425 1350 non
448 1302 587 1350 contenta
608 1303 652 1351 tot
673 1287 841 1352 damnasset
867 1291 955 1352 malis
987 1291 1157 1391 Europam,
1189 1313 1255 1352 eam

122 1413 218 1471 paene
238 1405 346 1455 totam
350 1376 476 1472 afflavit,
499 1389 582 1453 unde
595 1390 705 1455 debere
724 1406 869 1474 poterant
879 1393 1018 1457 hommes
1040 1394 1144 1474 potin't
1161 1416 1256 1477 quam

125 1514 290 1570 occurrere,
311 1509 345 1557 tu
367 1497 506 1557 misertus
528 1508 557 1558 et
580 1508 722 1576 expertus
744 1496 841 1558 fontes
863 1494 1012 1571 recludis,
1033 1519 1135 1558 causas
1156 1499 1255 1578 aperis

124 1611 153 1658 et
173 1599 231 1660 tibi
250 1597 435 1661 consulendo
457 1598 598 1661 omnibus
620 1599 760 1675 consulis.
802 1599 921 1661 Iuvabit
941 1620 1019 1680 opus
1039 1602 1163 1687 multos,
1182 1623 1258 1699 Ριο-Ι

123 1700 201 1763 derit
219 1723 297 1782 opus
318 1703 439 1777 ruvtltis,
460 1701 508 1762 cui
529 1715 602 1782 opto
624 1700 745 1776 vivore,
774 1713 808 1762 ut
829 1701 968 1763 homines
989 1702 1102 1765 vivant.
1140 1688 1254 1778 Quum

123 1819 223 1867 autem
244 1825 283 1865 ex
305 1827 403 1888 aequo
423 1802 547 1875 laudare
568 1826 630 1867 nou
651 1805 783 1885 possim,
815 1803 951 1867 admiror
981 1820 1010 1868 et
1030 1805 1123 1869 laudo
1144 1822 1255 1883 tamen,

126 1931 222 1991 quum
243 1911 350 1986 sentio,
368 1911 467 1977 solum
488 1929 550 1969 non
571 1897 660 1988 posse
680 1931 697 1968 a
719 1907 806 1968 malis
823 1905 951 1969 laudari.
996 1907 1087 1983 Quod
1100 1911 1185 1972 sime
1197 1912 1253 1971 ho·

123 2013 218 2073 mines
240 2010 382 2091 audient,
403 2033 441 2074 ne
462 2012 535 2072 mali
554 2009 730 2087 videantur,
752 2029 855 2072 omnes
877 2007 1054 2074 laudabunt.
1095 2012 1181 2075 Vale.

378 2279 619 2350 Cuursruuus
644 2280 848 2351 Uuusussu
870 2278 997 2352 lectori.
1063 2286 1088 2333 ι·

208 2421 313 2512 Salst,
333 2411 427 2496 lector
445 2435 594 2496 bonarum
616 2434 725 2496 artium
746 2436 957 2498 amantissime.
1006 2430 1108 2510 Quum
1128 2433 1253 2496 miseros

123 2544 264 2606 mortales
284 2537 409 2623 quidam
429 2539 615 2619 perniciosus
637 2552 665 2601 et
686 2536 865 2602 deterrimus
894 2534 1037 2614 morbus,
1065 2550 1170 2600 nostro
1188 2559 1253 2600 sae-

124 2649 191 2710 culo
205 2644 397 2723 incognitus,
417 2631 591 2719 invasisset,
613 2655 642 2704 et
665 2645 772 2725 ,nrrllus
802 2655 903 2706 nostra
930 2628 1088 2704 mensoria
1103 2636 1185 2704 tanta
1204 2643 1253 2702 in·

124 2750 205 2829 genii
229 2747 351 2808 solertia
378 2759 501 2807 ornatus
534 2744 609 2821 fuit,
642 2734 698 2833 qui
728 2734 884 2806 strenuum
913 2758 942 2807 et
971 2744 1151 2825 frugiferum
1180 2746 1253 2806 huic

124 2854 232 2916 morbo
255 2847 360 2934 (quem
381 2850 458 2911 iuste
490 2864 518 2912 et
540 2848 709 2913 doctissime
740 2851 958 2927 mentulagram
977 2844 1084 2913 arrctor
1105 2850 1253 2931 nominat)

124 2953 309 3018 medicamen
339 2955 502 3031 attulisset,
533 2951 585 3016 sed
615 2953 819 3033 plurimorum
851 2951 1011 3014 hominum
1042 2948 1198 3037 querelam
1225 2969 1256 3017 et

74 3114 81 3123 .
123 3080 245 3140 gravem
265 3060 399 3140 corporis
421 3039 567 3119 offensam
587 3057 743 3137 miseratus
764 3055 908 3119 losrruvs
928 3054 1109 3132 Guvrrrcn,
1130 3046 1255 3134 ¹Regius

124 3162 309 3236 secretarius,
330 3163 379 3223 vir
400 3159 521 3222 florenti
543 3156 683 3221 facundia
695 3140 733 3222 et
754 3152 957 3220 excultissima
977 3156 1147 3221 eruditione
1165 3181 1256 3240 prae·

125 3262 220 3342 ditus,
253 3266 308 3347 qui
340 3279 375 3326 ut
395 3252 534 3344 pleniori
554 3244 702 3345 obsequio
731 3259 936 3324 demereretur
961 3274 1090 3347 cunctosv
1105 3265 1256 3336 mortales,

126 3389 162 3428 ea
181 3366 303 3429 sordida
328 3369 503 3447 contagione
532 3367 675 3442 iniectos,
704 3388 801 3427 unum
832 3358 996 3428 eruditum
1014 3369 1194 3448 opusculum
1222 3367 1255 3424 in

125 3472 224 3530 lucem
245 3467 348 3546 edidit,
369 3472 401 3530 in
424 3491 486 3550 quo
511 3470 658 3547 originem
679 3471 779 3530 morbi
799 3471 925 3552 eiusque
945 3471 1153 3543 substantiam,
1173 3465 1267 3527 diae,

126 3586 188 3633 tam
209 3585 238 3632 et
260 3570 473 3652 perfectissima
494 3591 528 3630 ac
550 3571 693 3631 salutaria
713 3569 846 3632 remedia
871 3574 948 3632 mira
966 3569 1112 3630 sermonis
1133 3568 1251 3639 elegan-

125 3677 168 3739 tia
196 3676 352 3737 subcisivis
384 3674 573 3754 temporibus
606 3673 771 3754 descripsit.
827 3674 962 3736 Libellus
992 3672 1048 3731 iste
1080 3667 1128 3751 (ut
1156 3666 1251 3726 libere

124 3780 234 3842 mentis
255 3779 395 3840 allectum
415 3773 522 3864 fatear)
544 3791 588 3842 est
612 3790 727 3853 tersus,
749 3779 885 3857 elegans,
912 3771 1061 3836 iucundus
1094 3783 1122 3831 et
1143 3767 1254 3850 exqui-

126 3884 183 3944 sito
204 3881 329 3944 artificio
358 3882 527 3942 elaboratus
535 3926 544 3958 ,
574 3882 630 3964 qui
657 3880 797 3960 inprimis
819 3877 994 3940 hominibus
1022 3896 1111 3954 aegra
1136 3871 1254 3933 valetu-

128 3980 198 4044 dine
226 3984 377 4065 oppressis
412 3983 593 4045 infirmitatis
625 3987 795 4045 relevamen
832 3995 861 4042 et
897 3980 1085 4042 uberrimum
1115 3975 1256 4047 fructum,

127 4085 153 4146 si
175 4083 361 4149 disertissimi
380 4088 507 4150 oratoris
529 4089 648 4147 losnrru
668 4087 930 4166 praeceptionibus
952 4084 1120 4166 parebunt,
1147 4077 1255 4160 allatu·

128 4208 180 4249 rus
203 4199 255 4248 est.
296 4190 383 4251 Vale.
