2806 4800
657 236 731 313 tot
792 184 813 209 ²

126 427 285 511 quibcttit
295 425 453 492 utendum
495 429 535 492 in
552 421 953 511 genmtaqoctautantur
968 423 1030 487 cibi
1046 423 1272 509 iaciiedigesti·

125 532 213 610 biles,
233 533 308 596 boni
329 535 434 618 cbymi
449 543 479 596 et
500 550 667 616 paucarum
682 530 926 613 superfluitatum
939 529 1116 611 generatiri,
1136 529 1177 592 ad
1192 544 1271 595 tem·

126 632 308 715 periamaut
326 632 365 699 ad
386 618 515 719 paucam
536 631 748 697 humiditatem
762 640 792 697 e't
812 631 1008 714 frigiditatem
1030 631 1171 713 declives,
1193 647 1223 697 et
1242 636 1271 697 ai

128 737 168 798 ab
187 737 239 800 his
260 739 442 822 elongantur
461 733 705 812 conditionibus,
732 735 771 797 ait
790 752 923 797 recessus
943 733 1001 796 iste
1021 753 1145 814 partus.
1186 735 1271 798 inter

127 856 231 902 carnes
251 857 324 923 ergo
345 851 418 902 eunt
437 840 537 900 bonae
558 848 588 900 et
606 834 747 899 laudatae
768 856 872 899 carnes
894 848 1087 917 capretcrum
1106 848 1139 899 et
1156 836 1271 901 utute

123 958 195 1000 rum
221 946 315 1026 atque
334 941 407 1023 agni
428 941 586 1019 mnuaiis,
612 942 732 1004 caetrati
751 941 880 1006 iuvenis.
921 943 982 1003 Pro
1003 941 1270 1006 exercitationem

82 1032 87 1039 ’
125 1053 155 1103 et
174 1041 309 1106 robustis
329 1041 535 1107 conceduntur
546 1064 649 1106 munes
669 1032 765 1106 boum
779 1043 927 1106 iuvenum
938 1040 1040 1104 adbuc
1053 1042 1087 1103 in
1103 1054 1270 1121 augmento

125 1143 336 1224 existentium,
357 1146 498 1209 similiter
517 1164 621 1209 carnes
640 1145 775 1208 ferarum
794 1145 956 1223 iuvenum3
976 1146 1174 1228 antiquarum
1194 1164 1270 1209 vero

125 1245 252 1308 omnino
278 1259 352 1310 eunt
376 1244 579 1312 detestandae.
602 1256 605 1261 '
627 1249 678 1311 De
705 1247 883 1311 volatilibus
910 1248 1012 1310 valent
1043 1245 1118 1327 galli
1149 1245 1269 1308 caetrati

124 1345 266 1425 iuvenes,
285 1349 415 1433 galiinae
435 1352 612 1415 iurenes'et
631 1350 711 1433 pulli
730 1369 845 1412 earum.
889 1349 1036 1413 Similiter
1047 1351 1268 1412 valentomnes

123 1470 213 1527 avec,
240 1471 320 1534 quac
340 1453 372 1514 in
393 1455 571 1518 nemoribus
592 1467 622 1518 et
641 1453 756 1535 campis
775 1452 859 1515 siccis
879 1449 1008 1531 degunt,
1039 1451 1218 1532 praecentim
1240 1450 1268 1512 ai

124 1551 186 1614 sint
208 1549 403 1617 mediocriter
428 1555 575 1636 pingues,
603 1576 680 1640 quas
707 1568 810 1618 tamen
829 1573 888 1634 pro
908 1550 1014 1616 calidis
1043 1565 1074 1614 et
1103 1551 1188 1614 siccis
1208 1552 1267 1613 bo·

123 1652 261 1720 minibus·
274 1654 351 1737 'flue
370 1653 463 1719 laudo
485 1655 595 1721 elixati
621 1668 653 1719 et
674 1670 750 1719 cum'
769 1667 887 1736 agresta
913 1656 964 1718 rel
982 1655 1044 1717 allo
1070 1650 1269 1732 infrigidante

124 1756 284 1837 apparari,
313 1761 476 1844 praecipue
493 1762 633 1843 tenpore
652 1758 768 1838 calido,
799 1773 893 1846 quant
920 1758 1024 1821 amari
1064 1757 1112 1819 Ex
1137 1753 1269 1819 adverso

124 1872 227 1923 autem
244 1875 365 1944 anates,
382 1885 489 1946 gruem
516 1884 638 1927 antenna
661 1875 690 1927 et
713 1873 837 1926 cunctae
854 1863 930 1923 aliae
955 1861 989 1922 in
1009 1859 1098 1943 aquia
1115 1869 1269 1920 mcmntes

123 1963 352 2046 vituperantur,
390 1968 464 2058 quia
491 1987 648 2056 moseum,
686 1964 916 2034 melancolicam
942 1974 973 2028 et
1008 1963 1125 2026 melum
1153 1957 1271 2025 fadum

126 2066 283 2153 elymum.
518 2082 521 2087 ·
807 2091 810 2095 ·

169 328 186 359 4
202 312 206 319 .

209 2207 322 2272 Valent
343 2206 450 2270 brodia
480 2208 631 2272 bonarum
651 2205 788 2267 earnium
815 2216 845 2266 et
875 2201 1045 2285 specialiter
1075 2197 1268 2284 gallinarum,

123 2292 239 2369 iuscula
267 2309 358 2369 etiam
384 2309 527 2389 'pisorum
556 2307 754 2384 mainerum,
784 2327 840 2367 nec
866 2325 928 2366 non
961 2301 1070 2365 brodia
1097 2302 1174 2362 casei
1194 2303 1267 2364 noti

122 2426 233 2488 parum
255 2409 338 2470 saliti
358 2420 388 2470 et
411 2409 560 2492 quassatis
596 2407 737 2472 similiter
756 2409 804 2469 iac
828 2404 1061 2487 amygdalarum
1092 2407 1268 2482 recentium,

122 2528 187 2570 non
207 2507 409 2573 rancidarum.
457 2507 559 2597 Valde
577 2509 683 2572 etiam
710 2509 895 2573 conueniunt
922 2528 983 2571 ora
1010 2507 1192 2587 gallinarum
1215 2528 1270 2583 re-

124 2612 238 2690 centia,
257 2624 375 2690 tenera,
406 2613 472 2677 sive
491 2633 533 2674 ex
552 2624 629 2675 testa
649 2623 827 2688 sumantur,
854 2611 920 2674 aive
939 2610 973 2672 in
993 2631 1075 2692 aqua
1104 2611 1270 2689 prciician·

122 2727 176 2777 tur
208 2716 317 2780 cortice
342 2728 446 2798 rupto.
494 2717 566 2781 Non
595 2716 873 2798 incongruentiam
895 2713 1025 2790 dantur,
1052 2714 1078 2774 si
1099 2714 1196 2776 vitelli
1216 2733 1269 2775 eo·

123 2835 194 2878 rum
213 2819 247 2879 in
267 2818 392 2881 iuscuIis
412 2819 530 2882 contusi
549 2817 733 2894 offerantur,
754 2829 807 2880 aut
826 2817 915 2878 aliter
933 2816 968 2877 in
991 2815 1161 2877 substantia
1182 2813 1270 2879 mciii

124 2917 248 3002 dentur,
277 2920 349 2980 licet
381 2933 498 3004 quanto
523 2921 803 2996 incommutata,
827 2909 914 2982 tauto
934 2920 996 2981 aiut
1017 2918 1167 2981 meliores.
1220 2917 1270 2979 De

121 3021 273 3102 piscibus,
300 3022 370 3085 licet
392 3020 487 3085 zoas
507 3022 660 3103 vituperet
678 3041 769 3084 usum
791 3041 915 3097 eorum,
940 3033 1034 3103 puto,
1054 3018 1139 3104 quod
1157 3022 1269 3104 loqua-

124 3139 179 3190 tur
211 3129 245 3190 in
274 3148 347 3190 cura
366 3127 501 3191 curatiua
521 3124 561 3188 de
587 3127 741 3211 frequenti
768 3145 827 3188 usu
847 3145 967 3202 aarum,
999 3138 1102 3188 tamen
1131 3124 1176 3186 in,
1195 3143 1270 3185 cura

123 3231 297 3310 praevisiva
316 3253 380 3296 non
394 3230 527 3297 detestor
545 3230 652 3313 pisces,
663 3229 777 3309 duros,
796 3250 984 3314 squamosos,
1004 3229 1123 3292 mediae
1144 3227 1269 3311 quanti·

124 3333 196 3394 tatis
215 3333 250 3393 in
276 3355 333 3398 suo
357 3338 482 3416 genere,'
512 3355 553 3398 ax
573 3335 676 3400 fluviis
702 3332 826 3398 mundis
845 3337 937 3416 longe
957 3357 976 3397 a
996 3333 1188 3408 civitatibus,
1215 3330 1270 3392 ubi

123 3428 228 3496 sudes
246 3449 429 3515 purgantur,
449 3450 570 3518 captos,
596 3436 630 3495 in
659 3436 732 3503 tino
760 3438 843 3504 bono
870 3440 968 3504 elixus
988 3450 1042 3500 aut
1062 3435 1154 3498 etiam
1175 3451 1269 3507 assos,

124 3532 178 3598 sed
199 3555 263 3598 non
283 3536 392 3598 frixos.
482 3570 485 3575 ·

210 3672 249 3734 Et
269 3672 296 3735 si
315 3671 391 3734 libet
411 3692 451 3737 ex
472 3670 515 3735 eie
535 3671 700 3737 autetiam
722 3693 763 3735 ex
778 3677 918 3738 carnibus
949 3674 1046 3734 iacere
1067 3662 1266 3748 gairedinam,

122 3773 175 3838 fiat
196 3798 265 3839 oum
288 3773 477 3838 aromatibus
497 3795 559 3838 non
571 3773 692 3850 'acutis,
711 3772 765 3838 sed
787 3797 826 3838 ex
846 3788 948 3853 croco,
973 3792 1074 3847 mace,
1104 3764 1268 3843 zinzibero,

123 3874 250 3943 candeio
272 3891 301 3942 et
321 3877 492 3955 similibus,
520 3874 626 3940 addito
652 3886 735 3939 aceto
757 3874 853 3938 debili
879 3888 910 3939 et
940 3873 1008 3936 ncn'
1031 3872 1162 3934 multum
1193 3872 1267 3948 aori,

125 3999 164 4040 aa
181 3981 305 4048 fortiter
323 3979 502 4044 exsiccando
522 3992 680 4055 convertat
691 3981 837 4042 humores
857 3980 891 4040 in
905 3986 1046 4040 naturam
1062 3973 1266 4038 melancoliae.

159 4087 164 4096 .
210 4119 294 4182 iuter
322 4120 405 4182 olera
432 4095 609 4180 admittitur
628 4116 802 4196 spinachia,
829 4117 926 4192 bleta,
957 4116 1091 4190 lactuca,
1122 4111 1266 4190 atriplex,

125 4220 272 4299 borrago,
302 4221 460 4300 buglossa,
493 4217 633 4296 cuditis,
663 4239 774 4299 partim
802 4229 904 4280 tamen
933 4239 973 4280 ex
998 4218 1042 4279 eie
1066 4212 1266 4279 assumendo:

124 4318 314 4404 portulacam
341 4336 443 4388 tamen
474 4325 645 4388 Arrnzctu
662 4323 822 4405 prohibet.
891 4323 1028 4386 Maxime
1063 4340 1137 4385 uero
1167 4327 1288 4380 catera⁴
