2806 4800
220 793 386 854 Annotatio
422 791 633 853 auctoritatum
675 789 858 867 medicinae,
896 812 974 873 quas
1003 792 1105 855 Sinon
1137 793 1286 854 Prsroms

138 899 216 959 male
236 897 320 976 legit.

265 993 424 1077 (Quinque
447 998 610 1071 Acronum,
633 996 768 1070 Gaiam,
803 995 986 1056 llrrrocnsr.
1010 1008 1039 1056 et
1069 995 1200 1056 lllnsnrs
1225 998 1287 1058 loci

180 1097 347 1180 notantur.)

220 1201 386 1264 Annotatin
415 1200 630 1262 auctoritatum
661 1198 846 1274 medicinae,
891 1219 968 1281 quas
999 1200 1100 1262 Sinon
1138 1202 1286 1260 Prsroms

138 1319 241 1369 contra
264 1318 394 1365 mentem
417 1314 576 1366 nudorum
596 1302 715 1383 allegat.

267 1407 404 1491 (Septem
425 1407 484 1468 loci
504 1404 664 1467 auctorum
686 1402 883 1491 indicantur.)

224 1510 391 1574 Aunotatio
424 1507 637 1570 auctoritatum
668 1505 855 1585 medicinae,
896 1529 974 1592 quas
1006 1509 1105 1572 Suros
1137 1510 1286 1570 Prsroms

139 1616 218 1676 male
238 1625 336 1693 negat.

268 1713 343 1797 (Sex
363 1709 555 1796 allegantur.)

225 1816 331 1878 Additi
353 1829 381 1878 et
403 1815 522 1896 duplati
544 1834 662 1877 errores
683 1815 812 1878 Sinonis
833 1816 978 1875 Prsroms
1001 1816 1034 1876 in
1057 1812 1219 1878 medicina.

269 1919 370 2003 (Circa
392 1917 572 2005 medicinam
587 1917 620 1978 in
642 1918 800 1996 general,
820 1916 898 1977 circa
919 1899 1138 1996 praefationem
1156 1921 1188 1992 3,
1209 1919 1287 1982 circa

182 2025 340 2104 epistolam
366 2027 402 2097 5,
425 2022 501 2083 circa
522 2021 747 2083 conclusionem
768 2020 900 2100 primam
921 2022 973 2095 29,
995 2020 1073 2079 circa
1093 2023 1201 2080 correl.
1219 2023 1286 2101 pri·

184 2147 268 2187 mum
291 2129 329 2200 3,
354 2126 430 2186 circa
453 2127 558 2186 correl.
581 2122 749 2186 secumdum
772 2127 808 2200 1,
831 2124 908 2184 circa
930 2124 1154 2184 conclusionem
1176 2143 1285 2185 secun·

160 2227 253 2289 .dam
277 2232 335 2301 13,
364 2230 440 2288 circa
461 2231 567 2288 correl.
589 2229 725 2307 primum
746 2231 805 2304 10,
834 2229 910 2290 circa
932 2229 1039 2289 correl.
1061 2225 1230 2289 secundum
1255 2230 1285 2303 7,

184 2330 260 2390 circa
283 2331 415 2390 conclus.
435 2330 554 2391 tertiam
575 2334 636 2406 43,
665 2330 742 2390 circa
771 2333 878 2392 correl.
897 2332 1036 2411 primum
1057 2335 1095 2406 8,
1123 2331 1155 2389 in
1178 2330 1288 2397 corr&
1394 2356 1395 2363 ¹

182 2429 348 2492 secundum
364 2433 420 2506 40,
442 2431 519 2491 circa
533 2433 756 2494 conclusionem
768 2434 1014 2514 impertinentem
1030 2435 1086 2509 50,
1108 2432 1140 2492 in
1165 2420 1287 2503 sumnia

185 2534 247 2592 219
276 2551 394 2593 errores
415 2530 657 2619 enumerantur.)

227 2633 405 2715 Sequuntur
437 2634 642 2696 conclusiones
665 2648 695 2696 st
729 2635 891 2696 correlaria
918 2634 1047 2697 Sinonis
1075 2636 1221 2696 Prsroms
1252 2636 1285 2695 in

141 2733 291 2796 medicina
310 2733 456 2796 adversus
476 2735 694 2812 Lnomccnuu,
723 2737 876 2798 occasione
904 2755 1038 2818 quorum
1065 2755 1198 2817 sequens
1223 2734 1285 2796 dis·

141 2837 259 2918 putatio
281 2838 359 2916 cepit
378 2837 510 2896 initium.

271 2934 366 3021 (viae
386 2938 454 3015 vu,
476 2960 507 3018 p.
522 2936 608 3022 ms.)

413 3128 460 3200 Μ.
485 3095 751 3200 Mannnnimnr
778 3125 822 3200 ad
848 3125 1017 3202 lectorem.
1054 3214 1057 3219 ‚
1147 3208 1149 3213 ,

229 3283 330 3342 Velim
353 3284 478 3364 insuper
500 3297 528 3347 te
552 3286 637 3362 scire,
657 3286 761 3360 lector,
784 3303 997 3366 qttaecumquo
1018 3294 1173 3358 extremae
1192 3296 1289 3346 teme·

143 3384 244 3444 ritatis
263 3386 428 3446 homuncio
460 3388 514 3448 ille
545 3389 604 3449 sub
632 3406 688 3449 suo
709 3389 834 3448 nomine
861 3384 1023 3471 (conducta
1049 3399 1151 3448 tamen
1181 3386 1288 3468 opera)

146 3483 314 3558 adversum,
330 3509 379 3550 me
402 3511 501 3571 nuper
519 3489 625 3568 edidit,
646 3510 710 3551 non
730 3491 808 3552 tanti
823 3491 900 3553 lario
913 3490 1059 3552 momenti
1081 3501 1112 3551 et
1133 3487 1290 3569 ponderis,

145 3601 179 3650 ut
201 3589 330 3651 lectione
352 3590 443 3671 digna
463 3616 482 3653 a
503 3595 591 3655 nobis
613 3592 831 3680 emendentur,
851 3593 904 3656 sed
928 3615 991 3676 quo
1013 3594 1175 3673 superbiae
1196 3605 1225 3653 et
1240 3593 1286 3652 in-

144 3690 246 3754 scitiae
264 3706 457 3772 argumento,
479 3695 521 3756 ita
541 3696 723 3757 barbarismi
745 3710 775 3759 et
794 3697 964 3758 soloecismi
986 3697 1067 3771 stilo,
1088 3694 1227 3758 videlicet
1236 3693 1284 3754 vel

145 3796 204 3856 hoc
224 3793 292 3875 ipso
315 3796 416 3858 minus
441 3797 587 3874 valitura,
615 3796 874 3882 quemadmodum
907 3800 946 3860 ab
973 3810 1095 3859 auctore
1126 3795 1289 3880 publicata,

146 3899 231 3958 nulla
250 3920 377 3979 prorsus
399 3899 536 3965 adhibita
557 3903 750 3966 correctionis
769 3902 843 3963 lima
863 3924 882 3964 a
900 3902 990 3964 nobis
1006 3901 1119 3963 iterum
1145 3911 1219 3963 sunt
1237 3919 1292 3961 ex·

147 4019 240 4061 cussa.
284 4005 372 4066 Vale.

581 4201 860 4212 ---——-——
