2806 4800
621 251 698 316 265

93 453 228 521 usq'rram
247 457 315 496 cum
334 431 520 496 uerecundia
536 434 597 495 sim
612 433 778 495 remissus.
799 476 802 483 ,
820 429 1050 490 -Wateossntus
1072 429 1232 503 Bnnwars,

89 542 217 619 insignis
238 537 466 599 mathematicus
478 578 487 604 ,
499 548 547 595 --et
569 546 640 596 suae
661 532 815 613 opinionis
836 532 1024 611 complures,
1051 540 1107 615 pen
1124 551 1183 594 >me
1198 532 1231 593 in

91 643 217 716 materia
244 639 283 700 de
310 640 405 700 verbo
441 637 627 715 intelligibili
644 635 810 718 -(ipsismct
846 635 978 712 ingenue
1009 630 1232 715 confitentibus)

88 759 177 806 antea
191 741 331 817 convicti,
351 741 558 802 scholasticam
574 737 737 803 vindictam
751 737 957 799 machinantes
971 733 1123 797 iudicium·
1137 748 1233 800 estro·-

89 847 231 924 logieum‚
255 841 340 924 quod
360 861 453 921 super
473 841 588 904 eventis
608 839 893 918 anno-octogesimo
914 833 1046 899 secundo
1059 836 1233 897 coelestium

89 946 338 1027 interpretatione
358 945 450 1005 simul
469 943 537 1004 illie·
546 942 689 1002 initiatus
706 939 799 1016 edidi,
823 940 986 1020 praecipuo
1003 938 1178 1016 opinionem
1196 935 1234 1001 de

89 1049 292 1126 gubernatore
314 1059 342 1107 et
366 1043 585 1107 dominoanni
606 1040 746 1121 eligendo
766 1062 823 1121 por
836 1042 1030 1103 ascensiones
1046 1049 1151 1114 rectas,
1171 1059 1234 1101 non

90 1147 142 1229 (ut-
161 1147 233 1232 ipsi)
255 1143 663 1230 obliquas-,²eonvellendam
692 1144 873 1215 ducebant..
903 1140 994 1217 Quod
1026 1143 1162 1223 prolecto
1183 1160 1234 1203 re·

89 1253 148 1311 luti
169 1273 208 1311 ex
229 1249 428 1328 ignorationis
449 1249 577 1327 poculo,
610 1244 694 1328 qnod
724 1247 837 1324 singuli
865 1245 1017 1321 bibimus,
1043 1245 1235 1324 setscpinio·

89 1375 165 1414 num
186 1351 425 1414 dissensionibus
447 1363 549 1412 ortum
572 1349 637 1413 sinc
659 1347 846 1412 verecundia
863 1360 893 1410 et
911 1349 1030 1429 absque
1045 1346 1164 1427 pudore
1185 1368 1234 1406 aa·

89 1475 153 1536 quo
173 1454 276 1517 animo
299 1455 357 1517 tuli
386 1465 556 1536 sponteque
576 1453 673 1530 sassie
701 1475 736 1517 aa
750 1454 853 1514 -enim
877 1452 1089 1531 benevolentia
1119 1462 1235 1522 mutua,

89 1579 169 1640 quae
182 1557 459 1621 <interserendam
480 1557 594 1620 artium
623 1554 786 1632 studiosos,
808 1555 1080 1635 semper12fuimus,
1101 1566 1136 1615 ut
1157 1554 1235 1613 alter

88 1662 176 1722 alteri
203 1644 396 1722 etimatores.
411 1661 555 1721 bonores
573 1671 614 1720 et
627 1660 736 1722 -votive
754 1660 867 1737 placita
881 1671 1112 1737 ncxoptaremus.
1149 1659 1235 1736 -llgo

89 1775 255 1824 revera-‘ut
274 1763 394 1823 nemini
408 1759 453 1844 (ta
475 1781 663 1844 venenosam
680 1759 822 1839 tigridem
844 1758 979 1842 praeter)
1008 1780 1146 1840 unquam
1167 1780 1235 1821 sum

89 1862 284 1938 aduersatus,
299 1865 492 1943 :itaquoque
506 1874 682 1943 ‘nunquam'
693 1861 1030 1942 putaviadsersarium
1058 1863 1236 1942 quempiam

91 1968 220 2026 habere
218 1976 443 2046 praeterquam
465 1966 499 2025 in
519 1964 679 2025 referenda
700 1965 851 2044 opinione·
874 1977 968 2046 atquc
988 1967 1154 2041 sententia,
1174 1984 1236 2044 qna

90 2070 139 2129 in
146 2089 193 2129 re
201 2068 332 2128 aliorum
346 2065 469 2128 iudicio
490 2069 650 2129 honestius
679 2067 748 2127 luit
759 2067 856 2126 multe
878 2078 908 2127 ct
929 2066 1091 2143 gloriosius
1112 2078 1236 2128 conten-

84 2169 188 2246 disse,
208 2178 303 2252 quam
318 2171 452 2231 omnino
459 2172 600 2232 aemulis
623 2171 762 2233 caruisse.
813 2202 814 2207 ι
871 2198 877 2217 2
907 2224 911 2239 ,

113 2311 116 2319 -
180 2276 253 2334 llum
274 2275 370 2333 subito
387 2275 570 2348 amessiam
584 2285 638 2334 etc.
657 2305 702 2320 -
737 2269 853 2334 Obiicis
872 2269 952 2331 milri
973 2267 1145 2333 studiorum
1156 2219 1236 2331 mul-

92 2373 271 2448 titudinem,
292 2373 430 2435 fortaasis
448 2387 482 2434 ut
504 2375 582 2436 alios
600 2373 641 2436 ad
657 2370 873 2452 suspicandum
896 2391 1035 2446 moveas,
1056 2371 1237 2452 compendio

88 2476 194 2535 inultis
220 2495 269 2534 me
297 2477 377 2537 nibil
390 2477 606 2555 'profecisses
622 2491 653 2539 at
685 2497 758 2538 vero
787 2494 967 2554 magnorum
994 2477 1154 2539 consilium
1183 2492 1237 2555 est,

90 2574 237 2659 quasdam
267 2577 380 2639 artium
402 2579 623 2657 perfunctorie,
653 2578 801 2660 quasdam
831 2581 1044 2653 immerenter,
1073 2583 1236 2643 nonnullas

90 2678 189 2762 (quod
211 2693 309 2742 totum
331 2681 426 2759 exigit
447 2680 618 2764 hominem)
639 2687 873 2762 complectenter
893 2681 1055 2760 legendum
1077 2703 1148 2744 esse.
1199 2686 1237 2745 Et

90 2780 128 2842 de
148 2782 271 2859 ingenio
286 2783 529 2860 experimentum
545 2803 609 2843 non
625 2786 751 2844 comuni
762 2784 922 2846 hominum
939 2781 1163 2859 facultatessed
1180 2798 1237 2864 per

89 2883 230 2962 proprias
250 2883 330 2943 vires
352 2884 489 2945 Housrn
503 2889 658 2948 >sententia
675 2887 814 2968 'accipere
834 2899 969 2967 oportet3
997 2888 1111 2969 quibas
1128 2890 1159 2950 si
1180 2911 1234 2951 au·

91 2981 233 3061 divisses,
253 3005 316 3045 uon
337 2997 402 3047 toto
424 3002 499 3049 aevo
521 3000 550 3049 et
571 2989 754 3070 priusquam
776 2991 888 3070 scripta
911 3000 994 3049 esset·
1009 2988 1167 3063 medicina,
1188 2991 1235 3050 illi

89 3083 217 3165 perditis
229 3089 344 3153 ¹labore
354 3102 384 3151 et
400 3091 467 3153 oleo
479 3092 575 3153 veluti
589 3093 691 3171 captui
708 3105 762 3152 tuo
778 3090 863 3154 haud
875 3089 1005 3152 idoneae
1019 3088 1232 3156 insudavissea

175 3195 301 3255 Putasne
321 3204 401 3253 tanto
424 3205 478 3253 etc.
500 3228 544 3243 -
586 3195 684 3268 Puto,
707 3206 737 3254 te
758 3214 850 3255 neruo
871 3193 992 3253 inscitia
1005 3194 1164 3272 aequabit.

177 3295 297 3368 Ignoras
316 3301 401 3355 etium
421 3307 475 3357 etc.
494 3328 541 3341 >—-
584 3293 732 3378 Quaeque
753 3297 880 3358 facultas
892 3296 960 3357 vult
981 3295 1040 3356 sibi
1064 3295 1163 3357 virum
1186 3297 1234 3358 in·

89 3408 227 3471 regrum,
249 3396 417 3455 catholicon
440 3396 585 3473 pistrinus
608 3411 666 3460 est:
695 3398 859 3484 nonenim
883 3399 976 3458 homo
1002 3399 1134 3461 semissis
1157 3421 1235 3474 sum,

91 3495 244 3576 quaelibet
265 3515 337 3572 ergo
366 3517 415 3555 nte
446 3509 543 3574 potest
573 3497 750 3576 admittere,
780 3497 905 3582 quando
933 3502 1111 3579 pracsertim
1126 3523 1235 3567 loutnes

90 3598 246 3658 communi
264 3595 400 3679 quodem
422 3598 544 3659 vinculo
569 3613 598 3661 et
619 3603 780 3666 seminaria
793 3603 913 3667 ratione
931 3603 1049 3665 iunctas
1068 3624 1159 3666 uerno
1181 3602 1234 3664 ad·

90 3699 252 3765 dubitabit.
337 3744 340 3748 ι

175 3806 257 3868 Nune
274 3806 465 3881 theologorum.
485 3816 541 3866 etc.
563 3838 607 3855 ——-
658 3808 786 3869 lllustris
809 3809 874 3869 Prot
902 3810 984 3867 clara
1007 3819 1051 3867 est
1078 3807 1235 3880 sententia,

89 3928 194 3969 omnes
215 3908 396 3970 christianos
418 3906 510 3969 modo
531 3909 628 3972 literis
650 3922 738 3988 aptos
763 3908 874 3970 debere
890 3907 928 3971 ad
950 3905 1082 3985 legenda
1099 3905 1233 3981 ediscen-

89 4006 188 4088 daque
211 4031 293 4071 sacra
305 4012 428 4092 eloquia
448 4012 584 4086 invitari,
605 4025 639 4073 ut
660 4013 738 4073 false
751 4011 890 4089 dogmata
909 4011 1120 4088 obiurgafione
1133 4024 1233 4072 sancta

88 4107 210 4187 abigere
220 4126 260 4173 ..et
281 4115 361 4175 tueri
384 4136 454 4185 uera
476 4117 693 4196 etpossintet
716 4115 854 4176 debeant.
872 4150 887 4167 ι,

84 4264 87 4268 ,
174 4213 291 4281 herus
310 4217 464 4301 cardinato.
486 4251 529 4264 --
572 4219 641 4281 Nisi
661 4219 873 4286 falsariusaut
893 4218 1128 4297 blasphemator,
1151 4237 1233 4279 sacra

88 4311 210 4393 eloquia
233 4314 358 4378 invertit
379 4335 477 4401 namo.
533 4374 536 4381 .
678 4362 691 4379 .-
711 4360 728 4383 ,ι
754 4378 758 4383 ,
813 4337 853 4385 4ἰι
928 4366 956 4379 .-
990 4368 1009 4387 .-
1039 4356 1093 4399 ,ιιι
1179 4347 1182 4351 ·
1212 4372 1215 4379 -
