2806 4800
646 215 703 287 .55

111 406 257 493 quicquid
278 421 321 471 ost
342 409 374 469 in
396 416 505 466 natura
530 414 583 464 tua
602 416 773 483 praestans,
806 403 954 464 excedens
979 401 1152 481 ingenium,
1179 398 1239 477 ser-

111 515 253 596 quisitam
271 511 456 583 doctrinam,
482 508 634 585 egregiam
653 526 756 571 rerum
782 506 1025 585 perspicientiam
1053 521 1083 569 et
1107 508 1169 566 alia
1188 508 1237 567 in·
1328 552 1334 567 .

103 623 235 680 'numera
256 615 410 677 mutuasti.
448 611 506 671 Hic
525 607 574 693 (ut
588 607 1027 693 cerais)multis·calamitatum
1049 623 1081 672 et
1099 610 1236 672 afflictio·

107 738 183 782 num
203 721 327 799 spiculis
346 715 507 780 sammaa
525 713 625 788 iaceo,
645 725 676 774 et
697 716 789 792 longa
808 714 870 774 iam
892 715 1032 777 saeviora
1052 715 1237 776 cruciatuum

69 850 71 858 a
109 839 140 886 et
159 825 350 886 anxietatum
371 818 519 881 iacula-in
538 837 670 896 superna
690 839 758 878 arce
777 830 940 896 parantur,
968 837 1047 900 quas
1069 831 1159 880 atrox
1179 817 1239 880 St·

107 948 243 1000 rvuuvs,
264 923 402 986 creatoris
420 923 546 984 fortasse
566 935 644 983 nutu
666 922 779 996 fretus,
798 941 896 1002 prope
909 919 998 981 diem·
1011 922 1044 982 in
1062 940 1122 981 met
1135 920 1238 981 vibra·

107 1031 161 1091 bit.
182 1062 185 1069 ·
210 1029 359 1112 *Namque
392 1027 442 1088 hic
473 1038 599 1086 naturae
633 1038 665 1087 et
693 1026 830 1086 ninnium
851 1037 1070 1086 vcreaturarum
1097 1023 1238 1085 inimicus

105 1135 209 1211 paullo
229 1145 299 1194 ante
319 1132 388 1212 ipso
406 1148 489 1189 anno
510 1140 620 1209 quarto
650 1139 680 1188 et
700 1129 894 1207 octogesimo.¹
911 1149 1004 1207 supra
1032 1125 1237 1210 quadringen-

102 1239 243 1299 tesimum
265 1249 294 1298 et
314 1234 510 1296 millesimum
532 1231 635 1292 lovan
662 1231 708 1291 in-
722 1232 895 1312 scorpione,
926 1234 1053 1294 Mauris
1074 1229 1237 1304 domicilio,

102 1340 288 1418 gradientem
315 1335 499 1398 clandestine
524 1353 757 1412 supergressus,
788 1332 954 1397 dvtmmodo
983 1357 1053 1398 cum
1079 1334 1237 1408 vso-coivit,

101 1447 208 1528 inique
226 1443 391 1523 oppressit,
414 1436 499 1522 quod
530 1437 557 1497 is
584 1439 670 1498 nullo
691 1458 743 1498 me
767 1439 893 1501 salutari
913 1436 1002 1500 radio
1023 1439 1086 1500 iam
1116 1437 1234 1499 allicere

101 1560 215 1628 potest..
247 1544 286 1607 :Id
308 1545 388 1604 enim
411 1564 430 1602 a
448 1540 643 1620 septingentis
664 1553 694 1601 et
716 1561 772 1601 sex
788 1543 924 1602 millibus
946 1544 1033 1604 annis
1054 1542 1087 1602 in
1108 1561 1234 1603 consue·

99 1649 238 1712 tudinem
259 1647 422 1711 deductum
443 1657 502 1718 est,
532 1643 615 1724 quod
635 1642 908 1726 quicquid-superi
927 1643 1143 1725 indignationis
1161 1663 1232 1704 con·

101 1755 217 1831 cipiunt
244 1753 294 1811 vel
313 1749 529 1810 contrarietatis
545 1749 626 1808 inter
646 1770 680 1809 se
701 1750 826 1828 agitant,
846 1747 878 1809 id
902 1762 1004 1811 totum.
1020 1769 1077 1810 suo
1096 1760 1246 1825 tempora·

102 1857 137 1915 in
157 1872 205 1912 me
217 1855 355 1912 miseram
370 1849 512 1911 tundunt.
553 1849 651 1912 Unde
663 1864 692 1911 at
704 1853 753 1910 bic
767 1850 1019 1931 ,expavescendus
1039 1851 1232 1930 superiorum

100 1955 234 2018 siderum
254 1972 437 2041 «congestus.
453 1952 561 2028 stigma
589 1952 666 2010 milri
686 1953 803 2027 inuret,
836 1953 921 2034 quod
948 1957 1032 2014 nulla
1060 1968 1232 2031 temporum

98 2057 233 2116 brevitas
254 2055 432 2131 extinguere
454 2052 574 2131 poterit.
617 2052 692 2125 Huc,
712 2054 849 2132 inquam,
869 2054 970 2131 ipsum
984 2073 1036 2115 cor
1055 2055 1132 2113 mihi
1143 2074 1230 2132 prae·

98 2159 174 2238 sagit
185 2158 268 2231 mali,
279 2154 429 2237 quom'hi'l
438 2174 574 2235 unquam
586 2154 682 2232 peius,
698 2155 864 2216 terribilius
873 2169 904 2216 at
917 2154 1068 2218 crudelius
1076 2157 1231 2218 senserim.

157 2257 574 2332 ..Vix-sermonemfinivit‚
596 2271 626 2318 et
646 2277 727 2331 ecce,
756 2257 976 2320 fataliahoatis-
991 2272 1110 2338 praesto
1128 2260 1230 2320 insen·

99 2364 225 2426 sibiliter
245 2362 372 2441 sineque
400 2357 530 2420 stridore
550 2359 583 2418 io
605 2378 714 2437 corpus
736 2359 803 2419 eius
822 2358 968 2440 delapsus·
983 2362 1118 2424 :hostilia
1143 2362 1228 2440 signa

95 2466 202 2541 aiatit3
220 2465 253 2524 in
270 2461 381 2524 media.
393 2463 493 2524 fronte
514 2483 612 2523 ooruu.
632 2463 783 2535 excrevit,
804 2484 821 2524 e
843 2485 920 2546 quo,
953 2477 1109 2548 tamquam
1129 2489 1227 2546 puru-

97 2572 180 2629 lento
207 2579 389 2646 apostemate
417 2569 523 2647 patilla
558 2581 628 2628 ante
654 2567 768 2643 inciso,
812 2567 938 2648 putidus
968 2572 1081 2633 humor
1106 2557 1227 2631 assidue

97 2671 230 2733 eilltutit.r
278 2666 369 2744 Inde,
396 2671 607 2750 peregrinante
627 2683 752 2750 stupore
781 2685 810 2732 et
840 2674 998 2733 oculorum
1015 2673 1158 2746 lascivia,
1186 2667 1226 2731 ad

96 2778 216 2857 reliqua
246 2774 400 2847 membra,
441 2774 473 2833 in
502 2775 670 2833 mentulam
700 2774 1082 2854 contemplationis‹=acism
1108 2775 1226 2850 intorsi,

98 2900 176 2962 quae
192 2891 257 2940 tuta
279 2878 335 2939 fuit
354 2875 518 2939 durissimo
540 2875 674 2959 quodam
695 2880 822 2952 cortice,
854 2891 998 2961 tanquam
1028 2881 1226 2960 subligaculo,

95 2995 239 3057 contecta,
260 2993 289 3043 et
310 3001 406 3062 quum
427 2984 514 3042 nullo
529 2981 644 3059 ingenii
664 2980 751 3042 radio
761 2983 876 3043 insoliti
891 2997 919 3044 et
934 2986 1072 3046 nauseosi
1092 2983 1226 3064 prodigii

94 3085 322 3162 intelligentiam
344 3105 386 3144 -ac
405 3085 684 3163 interpretationem
714 3085 870 3161 complecti
897 3088 998 3162 potui,
1025 3089 1226 3147 invalescente

94 3188 254 3268 paullatim
264 3187 357 3247 nimia
377 3187 566 3246 affectatione
587 3184 729 3246 noscendi
742 3183 953 3266 ediscendique
974 3189 1110 3250 miraculi
1122 3186 1224 3268 dispo-

94 3290 235 3351 sitionem
259 3301 289 3348 et
308 3289 409 3346 morbi
429 3290 603 3348 varietatem
625 3299 718 3366 atque
740 3297 896 3360 naturam,
917 3287 1012 3367 pedes·
1028 3288 1067 3351 ad
1088 3293 1221 3353 velocem

95 3410 218 3452 cursum
236 3389 377 3462 invitavi,
405 3392 461 3470 qui
489 3389 588 3451 officio
609 3410 665 3451 suo
685 3390 930 3471 impigrasuncti
954 3412 1058 3457 omnes
1076 3395 1223 3479 sollicitu-

95 3493 176 3554 dinis
195 3494 297 3554 -nubes
315 3493 400 3552 brevi
420 3491 632 3556 discusserunt.
802 3500 805 3505 '
1124 3512 1127 3554 1

92 3611 95 3620 ·
178 3598 225 3659 Ex
245 3599 321 3661 silva
348 3597 490 3680 equidem
519 3600 553 3660 in
580 3598 700 3662 duabus
729 3599 792 3662 fere
812 3600 908 3663 horis
937 3598 978 3662 ad
1004 3603 1221 3666 Hetruscorum

86 3701 395 3784 agrosppraecipuos
414 3703 582 3765 novitatum
603 3704 750 3776 cultores,
770 3687 938 3780 pervolavi.
991 3705 1038 3764 lbi
1057 3705 1138 3765 fama
1165 3705 1221 3766 ob·

91 3807 173 3867 viam
201 3803 278 3865 duos
298 3807 522 3884 potentissimos
536 3807 701 3868 exercitus
722 3825 785 3866 non
807 3807 916 3885 procul-
935 3808 975 3868 ab
995 3809 1054 3870 hoc
1074 3811 1140 3870 loco
1162 3827 1219 3884 pro

91 3908 193 3968 ltaliae
202 3908 340 3972 libertate
358 3908 730 3989 pugnaturosnunciavit.
772 3908 921 3988 Repetens
941 3924 1040 3971 autem
1064 3910 1219 3983 memoria,

91 4010 310 4088 alieni-populi
330 4010 495 4072 adventum
516 4013 550 4073 in
567 4013 702 4094 aliquam
723 4014 926 4091 provinciam,
959 4032 1054 4092 quum
1076 4028 1219 4091 praeter·

90 4112 145 4171 tim
165 4110 200 4170 id·
219 4114 290 4172 belli
320 4136 407 4179 cattsa
428 4115 479 4191 lit,
508 4135 571 4176 non
591 4117 691 4176 solum
711 4128 873 4188 terrorem,
902 4133 1047 4192 agrorum
1077 4117 1219 4178 vastatio·

91 4231 172 4287 nem,
193 4213 312 4288 fantem,
332 4217 444 4293 ignem,
463 4215 578 4279 cladem
591 4231 630 4279 -et
648 4218 723 4279 alias
744 4219 929 4276 calamitates.
938 4217 1067 4296 inferre,
1087 4216 1141 4281 sed
1161 4241 1216 4298 pe·

88 4315 217 4377 culiaria
234 4317 334 4376 etiam
345 4315 475 4399 damea,
492 4322 629 4383 insolitos
649 4334 679 4382 et
698 4319 813 4381 invisus
830 4320 955 4383 morbos
982 4336 1052 4404 post
1071 4344 1103 4386 se
1121 4323 1214 4385 ralia-
