2806 4800
718 187 767 262 tt

173 393 242 442 stant
264 389 451 460 apparentes.
494 371 612 438 Verum
635 373 672 436 de
695 375 870 438 nominibus
891 395 953 436 non
978 387 1020 437 est
1042 374 1226 453 curandum,
1247 399 1319 442 cutu

172 505 220 546 rcs
242 484 308 564 ipsa
330 483 368 544 sit
389 494 469 543 uota.

260 586 352 648 Fittnt
371 599 471 646 autern
496 585 561 643 hae
575 585 715 664 pustulae
738 606 776 645 ex
801 585 899 645 colera
922 604 983 644 non
1005 584 1146 660 naturali,
1167 584 1235 646 aliis
1257 586 1320 648 hu·

175 690 313 752 moribus
335 687 495 768 corruptis,
515 685 658 767 putridis,
680 684 795 750 adustis
810 686 968 762 adiunctis,
996 699 1029 748 ut
1048 689 1232 767 phlegmate,
1252 709 1319 751 me·

176 792 305 854 lancolia
327 803 356 852 et
376 788 523 868 sanguine
545 809 650 869 grosso
668 801 828 869 corrupto:
851 786 921 851 ideo
944 787 1086 851 tardioris
1106 803 1177 854 stant
1198 793 1317 853 resolu-

173 895 265 957 tionis
288 905 317 955 et
339 913 444 963 curae,
475 903 505 952 et
527 912 596 954 raro
616 892 766 972 simplicia
787 903 935 972 apparent
964 903 1167 971 apostemata,
1199 891 1253 955 sed
1285 906 1319 955 ut

172 995 342 1077 plurimum
364 1007 434 1058 sunt
455 995 621 1076 composita
646 1016 686 1055 ex
708 992 836 1056 diversis
858 994 1050 1056 humoribus.
1110 995 1229 1056 Verum
1260 996 1319 1056 lroc

174 1101 263 1162 etiam
286 1114 422 1182 tempore
444 1120 513 1162 cunr
535 1099 603 1160 aliis
623 1097 754 1180 pustulis
776 1095 998 1179 uttrltiplicatur
1026 1096 1152 1159 formica
1179 1097 1318 1160 miliaria.

174 1204 210 1265 Et
232 1217 277 1266 est
296 1205 420 1286 perstula
440 1205 493 1266 vel
511 1202 651 1284 pustulae
672 1203 794 1282 plures,
827 1212 856 1263 et
878 1212 1026 1283 apparent
1056 1201 1089 1260 in
1111 1200 1263 1282 principio
1277 1203 1318 1288 ⁸in

174 1309 275 1367 colore
296 1319 326 1368 et
346 1307 516 1388 quantitate
533 1305 628 1384 grani
650 1305 728 1366 milii
749 1317 778 1366 et
801 1324 869 1366 cum
892 1304 1010 1366 minore
1033 1302 1212 1380 citrinitate,
1244 1302 1318 1387 quia

174 1409 250 1470 liunt
273 1430 311 1469 ex
334 1410 432 1470 colera
457 1407 554 1469 mixta
576 1427 644 1469 cum
665 1409 840 1487 phlegmate
862 1408 911 1468 vel
942 1407 1129 1469 melancolia.
1181 1408 1217 1468 Et
1243 1407 1319 1470 istae

174 1512 270 1592 magis
292 1511 484 1574 continentur
501 1513 584 1575 intus
604 1524 733 1592 propter
753 1510 923 1590 grossitiem
944 1511 1089 1572 materiae
1111 1522 1139 1571 et
1155 1523 1227 1573 sunt
1250 1530 1320 1572 cum

175 1616 294 1677 minore
313 1614 550 1676 inflammatione
569 1625 696 1695 propter
709 1599 852 1697 phlegma
869 1611 1041 1674 admixtum
1064 1625 1094 1676 et
1112 1625 1185 1675 strat
1205 1610 1320 1677 tardio-

174 1717 217 1780 ris
237 1715 432 1779 resolutionis
452 1715 570 1778 ratione
590 1713 750 1794 grossioris
771 1714 930 1792 materiae,
949 1715 1023 1778 etsi
1047 1735 1152 1777 earum
1172 1715 1321 1779 aduratur

174 1819 315 1895 materia,
347 1818 453 1882 ceteris
479 1831 568 1880 envnt
597 1817 732 1881 formicis
756 1818 875 1899 peiores
896 1818 929 1879 in
951 1815 1149 1880 corrodendo.
1200 1819 1237 1882 Et
1263 1819 1320 1881 att·

176 1919 300 2007 qnando
322 1942 361 1984 ex
389 1920 438 1982 his
464 1922 569 2001 plures
590 1921 623 1982 in
652 1921 760 1983 unam
776 1922 1005 2001 coniunguntur
1036 1934 1065 1983 et
1091 1921 1205 1984 faciunt
1233 1924 1321 1985 ulcus

173 2022 352 2105 ptnridum,
382 2025 589 2098 corrosivam,
610 2046 701 2087 curae
721 2022 864 2085 difficilis.
915 2023 955 2085 Et
975 2023 1008 2083 in
1034 2021 1163 2086 diversis
1182 2024 1319 2104 corporie

174 2131 233 2192 bus
251 2130 364 2191 horum
381 2130 548 2192 humorum
570 2142 696 2211 apparet
713 2127 834 2192 diversa
853 2127 1030 2209 permixtio,
1053 2140 1082 2190 et
1100 2137 1225 2207 propter
1239 2127 1320 2187 mttl·

174 2228 336 2293 titudinem
358 2231 472 2292 horum
503 2233 670 2293 lurmorum
695 2242 725 2291 et
758 2250 866 2292 eorum
896 2230 1106 2292 ebullitionem
1126 2229 1169 2293 ,in
1193 2225 1321 2295 diversis

174 2333 250 2395 locis
280 2346 308 2395 et
342 2332 431 2396 etiam
461 2346 588 2413 propter
617 2330 829 2397 fortitudinem
852 2333 973 2397 virtutis
1004 2331 1185 2412 expellentis
1216 2333 1322 2394 multi·

174 2435 328 2514 plicantur
348 2436 381 2497 in
402 2456 528 2516 corpore
548 2437 622 2499 istae
652 2439 793 2518 pustulae
818 2450 847 2499 et
868 2449 1017 2518 apparent
1036 2459 1056 2498 a
1077 2435 1230 2517 principio
1252 2459 1320 2501 cum

176 2542 281 2624 aliqua
302 2541 483 2618 citrinitate,
503 2553 608 2622 postea
630 2561 698 2604 curn
718 2541 853 2625 quodam
870 2545 977 2604 cotors
998 2542 1138 2604 obscuro.
1194 2540 1232 2603 Et
1251 2552 1323 2605 sttnt

176 2665 246 2706 cunr
262 2644 390 2722 ardore,
422 2656 573 2728 punctura
603 2658 633 2708 et
656 2645 820 2709 virulentia
840 2643 975 2722 foetida,
1005 2657 1035 2709 et
1055 2644 1191 2708 sentiunt
1220 2643 1324 2715 iniecti

176 2747 209 2807 in
229 2747 381 2828 principio
402 2747 538 2812 dolorem
559 2748 664 2830 capitis
686 2761 716 2810 et
745 2767 886 2828 magnam
908 2744 1107 2826 gravedinem
1134 2759 1163 2810 et
1185 2745 1322 2809 dolorem

176 2849 208 2909 in
231 2850 390 2926 membris,
412 2850 546 2911 maxime
569 2851 602 2910 in
616 2849 759 2912 -brachiis
782 2864 810 2913 et
833 2850 995 2924 cruribus,¹
1011 2846 1190 2915 eteudores
1211 2851 1323 2913 habent

177 2954 316 3034 copiosos
335 2955 407 3017 satis
429 2951 559 3018 foetidos
580 2968 609 3017 et
630 2974 771 3016 somnum
793 2973 918 3033 gravem
937 2973 1006 3014 cnm
1030 2952 1143 3032 vigiliis
1164 2955 1280 3017 multis.

261 3058 381 3119 Hmttrn
402 3059 596 3136 pustularum
617 3078 723 3121 causae
743 3070 813 3120 suut
835 3056 988 3137 triplices,
1018 3057 1176 3138 primitiva
1190 3059 1323 3132 scilicet,

176 3159 355 3225 antecedens
377 3173 406 3224 et
427 3161 596 3224 coniuncta.
640 3160 740 3222 Carisa
761 3160 918 3241 primitiva
945 3173 989 3222 est
1010 3171 1063 3224 aer
1085 3161 1175 3229 nimis
1196 3157 1322 3236 calidus,

177 3265 323 3326 humores
344 3264 475 3327 adurens
497 3277 526 3327 et
551 3262 590 3327 ad
611 3263 800 3345 superficiem
823 3261 921 3327 carnia
951 3276 986 3328 et,
1003 3263 1079 3326 cutis
1100 3265 1241 3338 trahens,
1270 3273 1325 3324 aut
1358 3254 1359 3259 ’

179 3374 232 3425 aer
259 3365 351 3426 nimis
376 3364 523 3445 frigidus,
557 3367 703 3428 humores
733 3367 894 3445 congelans
922 3377 952 3428 et
979 3363 1118 3432 adunans
1152 3378 1182 3429 et
1214 3364 1256 3429 sie
1285 3361 1324 3424 ad

179 3463 372 3545 putredinem
394 3463 573 3546 disponens,
597 3480 650 3530 aut
672 3476 725 3529 aer
744 3469 836 3532 nimis
856 3467 1020 3544 humidus,
1049 3470 1196 3530 humores
1220 3479 1324 3547 putre-
1354 3471 1367 3517 ἶ

179 3589 260 3629 scere
283 3568 411 3643 faciens,
441 3589 510 3631 cum
529 3568 596 3648 ipsa
617 3567 786 3634 humiditas
811 3584 908 3633 mater
928 3573 971 3635 sit
988 3566 1176 3651 putredinis,
1196 3580 1251 3627 aut
1269 3575 1322 3626 ac'r

181 3671 271 3734 nimis
293 3672 404 3748 siccus,
434 3673 580 3737 humores
601 3693 669 3735 cum
692 3671 842 3736 caliditate
862 3687 965 3737 acutos
984 3684 1014 3733 et
1036 3667 1161 3733 adustos
1182 3666 1322 3743 reddens,

181 3789 210 3838 et
231 3777 322 3838 etiam
343 3773 470 3857 aliquod
492 3796 574 3838 nunc
593 3779 828 3857 supercoeleste,
850 3774 934 3859 quod
951 3787 995 3839 est
1005 3772 1142 3837 influxus
1159 3783 1324 3848 asnorum,

181 3877 391 3942 ebullitionem
423 3879 456 3940 in
482 3879 666 3944 humoribus
696 3899 830 3942 musana.
889 3880 988 3942 Etiam
1019 3874 1148 3951 cibaria,
1179 3875 1325 3936 humores

181 3983 392 4058 putrescibiles
410 3992 513 4044 actttos
538 3995 568 4045 et
587 3980 711 4047 adustos
732 3982 925 4063 generantia,
957 3995 986 4044 et
1010 3991 1110 4043 motus
1136 3990 1166 4040 et
1184 3975 1328 4038 exercitia

96 4091 100 4103 “
183 4079 290 4157 fortia,
309 4082 498 4162 inordinata,
519 4098 589 4166 post
610 4086 824 4147 comestionem
841 4083 1019 4147 immediate
1032 4085 1126 4158 sacta,
1151 4083 1183 4143 in
1204 4098 1330 4160 corpore
1385 4116 1391 4125 -

184 4181 366 4246 humoribus
386 4189 505 4266 repleto
526 4185 694 4266 disponunt
715 4182 754 4246 ad
776 4187 943 4248 humorum
969 4189 1207 4267 corruptionem.
1250 4182 1331 4244 Haec

185 4281 289 4347 omnia
309 4285 418 4349 harum
441 4301 653 4368 praecantasse
676 4290 870 4371 parandarum
902 4310 989 4352 causa
1011 4289 1178 4370 primitiva.
1222 4285 1331 4347 ¹(lausa
