<?xml version="1.0" encoding="UTF-8"?>
<!DOCTYPE html PUBLIC "-//W3C//DTD XHTML 1.0 Transitional//EN"
    "http://www.w3.org/TR/xhtml1/DTD/xhtml1-transitional.dtd">
<html xmlns="http://www.w3.org/1999/xhtml" xml:lang="en" lang="en">
 <head>
  <title>
</title>
<meta http-equiv="Content-Type" content="text/html;charset=utf-8" />
  <meta name='ocr-system' content='tesseract 3.04.00' />
  <meta name='ocr-capabilities' content='ocr_page ocr_carea ocr_par ocr_line ocrx_word'/>
</head>
<body>
  <div class='ocr_page' id='page_1' title='image "./dieltestenschri00fuchgoog_0030.png"; bbox 0 0 2806 4800; ppageno 0'>
   <div class='ocr_carea' id='block_1_1' title="bbox 99 1176 1239 2776">
    <p class='ocr_par' dir='ltr' id='par_1_1' title="bbox 99 1176 1233 1635">
     <span class='ocr_line' id='line_1_1' title="bbox 102 1176 1231 1336; baseline -0.01 -21"><span class='ocrx_word' id='word_1_1' title='bbox 102 1176 252 1334; x_wconf 82' lang='lat' dir='ltr'><strong>Egregio</strong></span> <span class='ocrx_word' id='word_1_2' title='bbox 278 1241 444 1336; x_wconf 91' lang='lat' dir='ltr'><strong>Nobilique</strong></span> <span class='ocrx_word' id='word_1_3' title='bbox 471 1252 555 1326; x_wconf 90' lang='lat' dir='ltr'><strong>viro,</strong></span> <span class='ocrx_word' id='word_1_4' title='bbox 581 1244 769 1311; x_wconf 70' lang='lat' dir='ltr'><strong>Brmutmoo</strong></span> <span class='ocrx_word' id='word_1_5' title='bbox 792 1268 830 1308; x_wconf 86' lang='lat' dir='ltr'><strong>nr</strong></span> <span class='ocrx_word' id='word_1_6' title='bbox 853 1247 1038 1321; x_wconf 73' lang='lat' dir='ltr'><strong>Wnnrcmou,</strong></span> <span class='ocrx_word' id='word_1_7' title='bbox 1058 1243 1231 1306; x_wconf 86' lang='lat' dir='ltr'><strong>liberalium</strong></span> 
     </span>
     <span class='ocr_line' id='line_1_2' title="bbox 99 1348 1233 1436; baseline -0.002 -24"><span class='ocrx_word' id='word_1_8' title='bbox 99 1352 269 1416; x_wconf 89' lang='lat' dir='ltr'><strong>studiorum</strong></span> <span class='ocrx_word' id='word_1_9' title='bbox 290 1358 455 1436; x_wconf 84' lang='lat' dir='ltr'><strong>Magistro,</strong></span> <span class='ocrx_word' id='word_1_10' title='bbox 475 1354 638 1431; x_wconf 74' lang='lat' dir='ltr'><strong>litterariae</strong></span> <span class='ocrx_word' id='word_1_11' title='bbox 658 1348 825 1413; x_wconf 79' lang='lat' dir='ltr'>sodalitatis</span> <span class='ocrx_word' id='word_1_12' title='bbox 844 1349 1045 1411; x_wconf 86' lang='lat' dir='ltr'><strong>Danubiauae</strong></span> <span class='ocrx_word' id='word_1_13' title='bbox 1072 1348 1182 1410; x_wconf 91' lang='lat' dir='ltr'><strong>lumini</strong></span> <span class='ocrx_word' id='word_1_14' title='bbox 1202 1360 1233 1410; x_wconf 87' lang='lat' dir='ltr'><strong>et</strong></span> 
     </span>
     <span class='ocr_line' id='line_1_3' title="bbox 101 1440 1232 1539; baseline -0.006 -20"><span class='ocrx_word' id='word_1_15' title='bbox 101 1476 291 1539; x_wconf 88' lang='lat' dir='ltr'><strong>ornamento,</strong></span> <span class='ocrx_word' id='word_1_16' title='bbox 320 1485 354 1524; x_wconf 90' lang='lat' dir='ltr'><strong>ac</strong></span> <span class='ocrx_word' id='word_1_17' title='bbox 375 1440 528 1522; x_wconf 86' lang='lat' dir='ltr'><strong>Canonico</strong></span> <span class='ocrx_word' id='word_1_18' title='bbox 557 1446 744 1520; x_wconf 82' lang='lat' dir='ltr'><strong>katlredralis</strong></span> <span class='ocrx_word' id='word_1_19' title='bbox 765 1454 910 1515; x_wconf 78' lang='lat' dir='ltr'><strong>Ecclesiae</strong></span> <span class='ocrx_word' id='word_1_20' title='bbox 937 1453 1153 1532; x_wconf 84' lang='lat' dir='ltr'><strong>Augustensis,</strong></span> <span class='ocrx_word' id='word_1_21' title='bbox 1182 1452 1232 1512; x_wconf 94' lang='lat' dir='ltr'><strong>lo·</strong></span> 
     </span>
     <span class='ocr_line' id='line_1_4' title="bbox 103 1557 988 1635; baseline -0.003 -16"><span class='ocrx_word' id='word_1_22' title='bbox 103 1581 174 1623; x_wconf 75' lang='lat' dir='ltr'><strong>seru</strong></span> <span class='ocrx_word' id='word_1_23' title='bbox 201 1565 367 1625; x_wconf 74' lang='lat' dir='ltr'><strong>Gavurrcrc</strong></span> <span class='ocrx_word' id='word_1_24' title='bbox 389 1586 427 1623; x_wconf 80' lang='lat' dir='ltr'><strong>na</strong></span> <span class='ocrx_word' id='word_1_25' title='bbox 450 1563 680 1623; x_wconf 79' lang='lat' dir='ltr'><strong>Bvucarmusuu</strong></span> <span class='ocrx_word' id='word_1_26' title='bbox 702 1557 873 1618; x_wconf 74' lang='lat' dir='ltr'>felicitatem</span> <span class='ocrx_word' id='word_1_27' title='bbox 895 1568 988 1635; x_wconf 89' lang='lat' dir='ltr'><strong>optat.</strong></span> 
     </span>
    </p>

    <p class='ocr_par' dir='ltr' id='par_1_2' title="bbox 99 1650 1239 2776">
     <span class='ocr_line' id='line_1_5' title="bbox 185 1650 1234 1747; baseline -0.006 -21"><span class='ocrx_word' id='word_1_28' title='bbox 185 1665 280 1727; x_wconf 89' lang='lat' dir='ltr'><strong>Incidi</strong></span> <span class='ocrx_word' id='word_1_29' title='bbox 299 1664 434 1747; x_wconf 85' lang='lat' dir='ltr'><strong>pridem,</strong></span> <span class='ocrx_word' id='word_1_30' title='bbox 462 1666 680 1727; x_wconf 83' lang='lat' dir='ltr'>humanissime</span> <span class='ocrx_word' id='word_1_31' title='bbox 708 1661 772 1738; x_wconf 89' lang='lat' dir='ltr'><strong>vir,</strong></span> <span class='ocrx_word' id='word_1_32' title='bbox 800 1662 834 1721; x_wconf 93' lang='lat' dir='ltr'><strong>in</strong></span> <span class='ocrx_word' id='word_1_33' title='bbox 864 1650 1087 1721; x_wconf 82' lang='lat' dir='ltr'><strong>exactissimum</strong></span> <span class='ocrx_word' id='word_1_34' title='bbox 1113 1678 1234 1720; x_wconf 85' lang='lat' dir='ltr'><strong>accura-</strong></span> 
     </span>
     <span class='ocr_line' id='line_1_6' title="bbox 99 1759 1234 1852; baseline -0.004 -26"><span class='ocrx_word' id='word_1_35' title='bbox 99 1767 312 1849; x_wconf 80' lang='lat' dir='ltr'><strong>tissimamque</strong></span> <span class='ocrx_word' id='word_1_36' title='bbox 334 1771 486 1847; x_wconf 91' lang='lat' dir='ltr'><strong>eulogium</strong></span> <span class='ocrx_word' id='word_1_37' title='bbox 509 1767 663 1852; x_wconf 81' lang='lat' dir='ltr'>quoddam</span> <span class='ocrx_word' id='word_1_38' title='bbox 685 1766 869 1828; x_wconf 75' lang='lat' dir='ltr'><strong>Samarium</strong></span> <span class='ocrx_word' id='word_1_39' title='bbox 889 1763 1009 1838; x_wconf 72' lang='lat' dir='ltr'><strong>Banna,</strong></span> <span class='ocrx_word' id='word_1_40' title='bbox 1030 1759 1165 1842; x_wconf 88' lang='lat' dir='ltr'><strong>perdocti</strong></span> <span class='ocrx_word' id='word_1_41' title='bbox 1184 1763 1234 1822; x_wconf 91' lang='lat' dir='ltr'><strong>in·</strong></span> 
     </span>
     <span class='ocr_line' id='line_1_7' title="bbox 101 1864 1236 1948; baseline 0 -23"><span class='ocrx_word' id='word_1_42' title='bbox 101 1866 210 1945; x_wconf 89' lang='lat' dir='ltr'><strong>primis</strong></span> <span class='ocrx_word' id='word_1_43' title='bbox 232 1882 260 1929; x_wconf 90' lang='lat' dir='ltr'><strong>et</strong></span> <span class='ocrx_word' id='word_1_44' title='bbox 281 1871 427 1948; x_wconf 86' lang='lat' dir='ltr'><strong>praeclari</strong></span> <span class='ocrx_word' id='word_1_45' title='bbox 447 1872 522 1944; x_wconf 85' lang='lat' dir='ltr'><strong>viri,</strong></span> <span class='ocrx_word' id='word_1_46' title='bbox 550 1871 634 1930; x_wconf 91' lang='lat' dir='ltr'><strong>cuius</strong></span> <span class='ocrx_word' id='word_1_47' title='bbox 663 1882 786 1930; x_wconf 87' lang='lat' dir='ltr'><strong>ornatus</strong></span> <span class='ocrx_word' id='word_1_48' title='bbox 807 1864 959 1930; x_wconf 89' lang='lat' dir='ltr'><strong>scribendi</strong></span> <span class='ocrx_word' id='word_1_49' title='bbox 979 1868 1129 1926; x_wconf 71' lang='lat' dir='ltr'><strong>character</strong></span> <span class='ocrx_word' id='word_1_50' title='bbox 1149 1868 1236 1926; x_wconf 88' lang='lat' dir='ltr'><strong>lucu·</strong></span> 
     </span>
     <span class='ocr_line' id='line_1_8' title="bbox 100 1957 1236 2052; baseline 0 -24"><span class='ocrx_word' id='word_1_51' title='bbox 100 1957 330 2052; x_wconf 77' lang='lat' dir='ltr'><strong>lautissimeque</strong></span> <span class='ocrx_word' id='word_1_52' title='bbox 352 1973 444 2031; x_wconf 88' lang='lat' dir='ltr'><strong>verba</strong></span> <span class='ocrx_word' id='word_1_53' title='bbox 466 1972 551 2031; x_wconf 90' lang='lat' dir='ltr'><strong>omni</strong></span> <span class='ocrx_word' id='word_1_54' title='bbox 571 1971 788 2031; x_wconf 86' lang='lat' dir='ltr'><strong>sententiarum</strong></span> <span class='ocrx_word' id='word_1_55' title='bbox 809 1968 955 2048; x_wconf 81' lang='lat' dir='ltr'><strong>gravitate</strong></span> <span class='ocrx_word' id='word_1_56' title='bbox 976 1968 1236 2050; x_wconf 80' lang='lat' dir='ltr'><strong>historiarumque</strong></span> 
     </span>
     <span class='ocr_line' id='line_1_9' title="bbox 99 2067 1237 2150; baseline -0.004 -18"><span class='ocrx_word' id='word_1_57' title='bbox 99 2073 216 2132; x_wconf 91' lang='lat' dir='ltr'><strong>lumine</strong></span> <span class='ocrx_word' id='word_1_58' title='bbox 236 2073 388 2134; x_wconf 89' lang='lat' dir='ltr'><strong>illustrata</strong></span> <span class='ocrx_word' id='word_1_59' title='bbox 408 2094 457 2134; x_wconf 92' lang='lat' dir='ltr'><strong>me</strong></span> <span class='ocrx_word' id='word_1_60' title='bbox 478 2073 605 2134; x_wconf 89' lang='lat' dir='ltr'><strong>mirifice</strong></span> <span class='ocrx_word' id='word_1_61' title='bbox 626 2074 823 2134; x_wconf 90' lang='lat' dir='ltr'><strong>oblectarunt.</strong></span> <span class='ocrx_word' id='word_1_62' title='bbox 867 2071 988 2131; x_wconf 88' lang='lat' dir='ltr'><strong>Habent</strong></span> <span class='ocrx_word' id='word_1_63' title='bbox 1009 2067 1160 2150; x_wconf 78' lang='lat' dir='ltr'><strong>siquidem</strong></span> <span class='ocrx_word' id='word_1_64' title='bbox 1175 2089 1237 2130; x_wconf 91' lang='lat' dir='ltr'><strong>non</strong></span> 
     </span>
     <span class='ocr_line' id='line_1_10' title="bbox 101 2173 1238 2258; baseline 0 -24"><span class='ocrx_word' id='word_1_65' title='bbox 101 2176 203 2235; x_wconf 83' lang='lat' dir='ltr'><strong>ruinus</strong></span> <span class='ocrx_word' id='word_1_66' title='bbox 222 2176 378 2253; x_wconf 90' lang='lat' dir='ltr'><strong>utilitatis,</strong></span> <span class='ocrx_word' id='word_1_67' title='bbox 400 2197 492 2258; x_wconf 91' lang='lat' dir='ltr'><strong>quam</strong></span> <span class='ocrx_word' id='word_1_68' title='bbox 513 2178 597 2255; x_wconf 90' lang='lat' dir='ltr'><strong>salis,</strong></span> <span class='ocrx_word' id='word_1_69' title='bbox 621 2176 734 2237; x_wconf 88' lang='lat' dir='ltr'><strong>cunctis</strong></span> <span class='ocrx_word' id='word_1_70' title='bbox 749 2175 928 2236; x_wconf 82' lang='lat' dir='ltr'><strong>mortalibus</strong></span> <span class='ocrx_word' id='word_1_71' title='bbox 949 2173 1161 2234; x_wconf 78' lang='lat' dir='ltr'><strong>subventura·</strong></span> <span class='ocrx_word' id='word_1_72' title='bbox 1187 2173 1238 2234; x_wconf 93' lang='lat' dir='ltr'><strong>ln-</strong></span> 
     </span>
     <span class='ocr_line' id='line_1_11' title="bbox 104 2266 1238 2358; baseline 0.003 -22"><span class='ocrx_word' id='word_1_73' title='bbox 104 2290 151 2336; x_wconf 88' lang='lat' dir='ltr'><strong>ter</strong></span> <span class='ocrx_word' id='word_1_74' title='bbox 170 2289 266 2338; x_wconf 88' lang='lat' dir='ltr'><strong>cetera</strong></span> <span class='ocrx_word' id='word_1_75' title='bbox 288 2280 400 2340; x_wconf 86' lang='lat' dir='ltr'><strong>borum</strong></span> <span class='ocrx_word' id='word_1_76' title='bbox 420 2278 566 2339; x_wconf 88' lang='lat' dir='ltr'><strong>fluctuum</strong></span> <span class='ocrx_word' id='word_1_77' title='bbox 589 2291 617 2340; x_wconf 87' lang='lat' dir='ltr'><strong>et</strong></span> <span class='ocrx_word' id='word_1_78' title='bbox 637 2266 839 2358; x_wconf 84' lang='lat' dir='ltr'><strong>procellarum</strong></span> <span class='ocrx_word' id='word_1_79' title='bbox 852 2276 949 2337; x_wconf 89' lang='lat' dir='ltr'><strong>nostri</strong></span> <span class='ocrx_word' id='word_1_80' title='bbox 960 2278 1027 2339; x_wconf 88' lang='lat' dir='ltr'><strong>nevi</strong></span> <span class='ocrx_word' id='word_1_81' title='bbox 1046 2275 1238 2339; x_wconf 84' lang='lat' dir='ltr'><strong>incommoda</strong></span> 
     </span>
     <span class='ocr_line' id='line_1_12' title="bbox 104 2376 1236 2463; baseline 0.003 -24"><span class='ocrx_word' id='word_1_82' title='bbox 104 2381 181 2442; x_wconf 89' lang='lat' dir='ltr'><strong>ltanc</strong></span> <span class='ocrx_word' id='word_1_83' title='bbox 201 2381 354 2442; x_wconf 90' lang='lat' dir='ltr'><strong>continent</strong></span> <span class='ocrx_word' id='word_1_84' title='bbox 374 2383 459 2442; x_wconf 92' lang='lat' dir='ltr'><strong>omni</strong></span> <span class='ocrx_word' id='word_1_85' title='bbox 478 2384 587 2444; x_wconf 92' lang='lat' dir='ltr'><strong>morbo</strong></span> <span class='ocrx_word' id='word_1_86' title='bbox 601 2380 785 2443; x_wconf 87' lang='lat' dir='ltr'><strong>acerbiorem</strong></span> <span class='ocrx_word' id='word_1_87' title='bbox 808 2380 954 2463; x_wconf 87' lang='lat' dir='ltr'><strong>omnique</strong></span> <span class='ocrx_word' id='word_1_88' title='bbox 976 2376 1126 2461; x_wconf 89' lang='lat' dir='ltr'><strong>epidemia</strong></span> <span class='ocrx_word' id='word_1_89' title='bbox 1143 2382 1236 2460; x_wconf 89' lang='lat' dir='ltr'><strong>magis</strong></span> 
     </span>
     <span class='ocr_line' id='line_1_13' title="bbox 102 2481 1238 2565; baseline 0.003 -22"><span class='ocrx_word' id='word_1_90' title='bbox 102 2483 274 2562; x_wconf 79' lang='lat' dir='ltr'><strong>pestiferam</strong></span> <span class='ocrx_word' id='word_1_91' title='bbox 295 2484 413 2560; x_wconf 91' lang='lat' dir='ltr'><strong>labem,</strong></span> <span class='ocrx_word' id='word_1_92' title='bbox 439 2497 502 2546; x_wconf 89' lang='lat' dir='ltr'><strong>tam</strong></span> <span class='ocrx_word' id='word_1_93' title='bbox 524 2496 648 2565; x_wconf 90' lang='lat' dir='ltr'><strong>repente</strong></span> <span class='ocrx_word' id='word_1_94' title='bbox 676 2483 710 2543; x_wconf 90' lang='lat' dir='ltr'><strong>in</strong></span> <span class='ocrx_word' id='word_1_95' title='bbox 730 2482 868 2544; x_wconf 88' lang='lat' dir='ltr'><strong>homines</strong></span> <span class='ocrx_word' id='word_1_96' title='bbox 889 2481 1065 2559; x_wconf 88' lang='lat' dir='ltr'><strong>demissam,</strong></span> <span class='ocrx_word' id='word_1_97' title='bbox 1094 2496 1129 2546; x_wconf 88' lang='lat' dir='ltr'><strong>ut</strong></span> <span class='ocrx_word' id='word_1_98' title='bbox 1149 2487 1238 2565; x_wconf 86' lang='lat' dir='ltr'><strong>plaga</strong></span> 
     </span>
     <span class='ocr_line' id='line_1_14' title="bbox 103 2584 1239 2669; baseline 0.006 -23"><span class='ocrx_word' id='word_1_99' title='bbox 103 2587 227 2647; x_wconf 88' lang='lat' dir='ltr'><strong>coelitus</strong></span> <span class='ocrx_word' id='word_1_100' title='bbox 248 2584 371 2648; x_wconf 87' lang='lat' dir='ltr'><strong>decussa</strong></span> <span class='ocrx_word' id='word_1_101' title='bbox 393 2608 456 2649; x_wconf 87' lang='lat' dir='ltr'><strong>esse</strong></span> <span class='ocrx_word' id='word_1_102' title='bbox 476 2585 632 2664; x_wconf 86' lang='lat' dir='ltr'><strong>videatur,</strong></span> <span class='ocrx_word' id='word_1_103' title='bbox 665 2606 758 2669; x_wconf 89' lang='lat' dir='ltr'><strong>quam</strong></span> <span class='ocrx_word' id='word_1_104' title='bbox 785 2599 888 2666; x_wconf 87' lang='lat' dir='ltr'><strong>gentes</strong></span> <span class='ocrx_word' id='word_1_105' title='bbox 908 2590 1148 2669; x_wconf 77' lang='lat' dir='ltr'><strong>Francigeaarum</strong></span> <span class='ocrx_word' id='word_1_106' title='bbox 1174 2614 1239 2652; x_wconf 87' lang='lat' dir='ltr'><strong>mo-</strong></span> 
     </span>
     <span class='ocr_line' id='line_1_15' title="bbox 102 2688 1239 2776; baseline 0.005 -27"><span class='ocrx_word' id='word_1_107' title='bbox 102 2693 160 2750; x_wconf 84' lang='lat' dir='ltr'><strong>lum</strong></span> <span class='ocrx_word' id='word_1_108' title='bbox 183 2691 352 2770; x_wconf 90' lang='lat' dir='ltr'><strong>appellant,</strong></span> <span class='ocrx_word' id='word_1_109' title='bbox 374 2689 458 2773; x_wconf 92' lang='lat' dir='ltr'><strong>quod</strong></span> <span class='ocrx_word' id='word_1_110' title='bbox 480 2690 612 2773; x_wconf 88' lang='lat' dir='ltr'><strong>quidem</strong></span> <span class='ocrx_word' id='word_1_111' title='bbox 625 2704 688 2752; x_wconf 90' lang='lat' dir='ltr'><strong>tam</strong></span> <span class='ocrx_word' id='word_1_112' title='bbox 708 2688 870 2751; x_wconf 90' lang='lat' dir='ltr'><strong>horridum</strong></span> <span class='ocrx_word' id='word_1_113' title='bbox 890 2703 1014 2776; x_wconf 89' lang='lat' dir='ltr'><strong>tamque</strong></span> <span class='ocrx_word' id='word_1_114' title='bbox 1041 2706 1151 2755; x_wconf 90' lang='lat' dir='ltr'><strong>tetrum</strong></span> <span class='ocrx_word' id='word_1_115' title='bbox 1173 2694 1239 2755; x_wconf 83' lang='lat' dir='ltr'><strong>exi·</strong></span> 
     </span>
    </p>
   </div>
   <div class='ocr_carea' id='block_1_2' title="bbox 15 2792 1252 2873">
    <p class='ocr_par' dir='ltr' id='par_1_3' title="bbox 15 2792 1252 2873">
     <span class='ocr_line' id='line_1_16' title="bbox 15 2792 1252 2873; baseline 0.002 -20"><span class='ocrx_word' id='word_1_116' title='bbox 15 2816 19 2821; x_wconf 92' lang='lat'>·</span> <span class='ocrx_word' id='word_1_117' title='bbox 103 2793 171 2866; x_wconf 90' lang='lat' dir='ltr'><strong>stit,</strong></span> <span class='ocrx_word' id='word_1_118' title='bbox 193 2805 227 2852; x_wconf 91' lang='lat' dir='ltr'><strong>ut</strong></span> <span class='ocrx_word' id='word_1_119' title='bbox 249 2793 338 2853; x_wconf 92' lang='lat' dir='ltr'><strong>ctiam</strong></span> <span class='ocrx_word' id='word_1_120' title='bbox 359 2793 536 2868; x_wconf 85' lang='lat' dir='ltr'><strong>Herculem,</strong></span> <span class='ocrx_word' id='word_1_121' title='bbox 557 2794 589 2853; x_wconf 91' lang='lat' dir='ltr'><strong>in</strong></span> <span class='ocrx_word' id='word_1_122' title='bbox 612 2793 754 2854; x_wconf 90' lang='lat' dir='ltr'><strong>humanis</strong></span> <span class='ocrx_word' id='word_1_123' title='bbox 776 2792 803 2854; x_wconf 90' lang='lat' dir='ltr'><strong>si</strong></span> <span class='ocrx_word' id='word_1_124' title='bbox 824 2793 955 2873; x_wconf 86' lang='lat' dir='ltr'><strong>viveret,</strong></span> <span class='ocrx_word' id='word_1_125' title='bbox 984 2809 1097 2858; x_wconf 86' lang='lat' dir='ltr'><strong>terrere</strong></span> <span class='ocrx_word' id='word_1_126' title='bbox 1119 2794 1252 2858; x_wconf 62' lang='lat' dir='ltr'><strong>videre·</strong></span> 
     </span>
    </p>
   </div>
   <div class='ocr_carea' id='block_1_3' title="bbox 25 2894 1241 4418">
    <p class='ocr_par' dir='ltr' id='par_1_4' title="bbox 53 2894 1240 3182">
     <span class='ocr_line' id='line_1_17' title="bbox 102 2894 1239 2979; baseline 0.003 -22"><span class='ocrx_word' id='word_1_127' title='bbox 102 2909 163 2957; x_wconf 89' lang='lat' dir='ltr'><strong>tur.</strong></span> <span class='ocrx_word' id='word_1_128' title='bbox 206 2894 285 2957; x_wconf 93' lang='lat' dir='ltr'><strong>Nam</strong></span> <span class='ocrx_word' id='word_1_129' title='bbox 308 2897 371 2958; x_wconf 89' lang='lat' dir='ltr'><strong>eius</strong></span> <span class='ocrx_word' id='word_1_130' title='bbox 394 2897 477 2958; x_wconf 88' lang='lat' dir='ltr'><strong>virus</strong></span> <span class='ocrx_word' id='word_1_131' title='bbox 498 2895 638 2979; x_wconf 89' lang='lat' dir='ltr'><strong>quidem,</strong></span> <span class='ocrx_word' id='word_1_132' title='bbox 662 2909 696 2959; x_wconf 94' lang='lat' dir='ltr'><strong>ut</strong></span> <span class='ocrx_word' id='word_1_133' title='bbox 716 2919 801 2974; x_wconf 86' lang='lat' dir='ltr'><strong>reor,</strong></span> <span class='ocrx_word' id='word_1_134' title='bbox 822 2900 893 2961; x_wconf 88' lang='lat' dir='ltr'><strong>bilis</strong></span> <span class='ocrx_word' id='word_1_135' title='bbox 914 2899 1056 2963; x_wconf 84' lang='lat' dir='ltr'><strong>admiscet</strong></span> <span class='ocrx_word' id='word_1_136' title='bbox 1077 2901 1140 2962; x_wconf 91' lang='lat' dir='ltr'><strong>suis</strong></span> <span class='ocrx_word' id='word_1_137' title='bbox 1160 2901 1239 2979; x_wconf 90' lang='lat' dir='ltr'><strong>igni-</strong></span> 
     </span>
     <span class='ocr_line' id='line_1_18' title="bbox 53 3000 1240 3083; baseline 0.003 -24"><span class='ocrx_word' id='word_1_138' title='bbox 53 3008 57 3016; x_wconf 89' lang='lat'>&#39;</span> <span class='ocrx_word' id='word_1_139' title='bbox 102 3000 176 3075; x_wconf 90' lang='lat' dir='ltr'><strong>bus,</strong></span> <span class='ocrx_word' id='word_1_140' title='bbox 197 3012 345 3079; x_wconf 87' lang='lat' dir='ltr'><strong>perpetuo</strong></span> <span class='ocrx_word' id='word_1_141' title='bbox 366 3001 500 3063; x_wconf 85' lang='lat' dir='ltr'><strong>crucians</strong></span> <span class='ocrx_word' id='word_1_142' title='bbox 521 3001 656 3061; x_wconf 87' lang='lat' dir='ltr'><strong>humana</strong></span> <span class='ocrx_word' id='word_1_143' title='bbox 680 3022 824 3083; x_wconf 87' lang='lat' dir='ltr'><strong>corpora3</strong></span> <span class='ocrx_word' id='word_1_144' title='bbox 845 3024 930 3064; x_wconf 89' lang='lat' dir='ltr'><strong>suam</strong></span> <span class='ocrx_word' id='word_1_145' title='bbox 954 3001 1063 3062; x_wconf 90' lang='lat' dir='ltr'><strong>deinde</strong></span> <span class='ocrx_word' id='word_1_146' title='bbox 1076 3015 1240 3079; x_wconf 88' lang='lat' dir='ltr'><strong>tcorrupte-</strong></span> 
     </span>
     <span class='ocr_line' id='line_1_19' title="bbox 102 3084 1240 3182; baseline 0.001 -19"><span class='ocrx_word' id='word_1_147' title='bbox 102 3104 165 3163; x_wconf 86' lang='lat' dir='ltr'><strong>lam</strong></span> <span class='ocrx_word' id='word_1_148' title='bbox 187 3102 271 3164; x_wconf 90' lang='lat' dir='ltr'><strong>omni</strong></span> <span class='ocrx_word' id='word_1_149' title='bbox 291 3123 408 3165; x_wconf 88' lang='lat' dir='ltr'><strong>veneno</strong></span> <span class='ocrx_word' id='word_1_150' title='bbox 436 3102 582 3164; x_wconf 89' lang='lat' dir='ltr'><strong>acriorem</strong></span> <span class='ocrx_word' id='word_1_151' title='bbox 611 3115 678 3163; x_wconf 91' lang='lat' dir='ltr'><strong>atra</strong></span> <span class='ocrx_word' id='word_1_152' title='bbox 708 3105 779 3164; x_wconf 90' lang='lat' dir='ltr'><strong>bilis</strong></span> <span class='ocrx_word' id='word_1_153' title='bbox 802 3105 885 3164; x_wconf 89' lang='lat' dir='ltr'><strong>ocius</strong></span> <span class='ocrx_word' id='word_1_154' title='bbox 913 3084 1108 3180; x_wconf 60' lang='lat' dir='ltr'><strong>exaggerat,</strong></span> <span class='ocrx_word' id='word_1_155' title='bbox 1130 3104 1240 3182; x_wconf 78' lang='lat' dir='ltr'><strong>pituita</strong></span> 
     </span>
    </p>

    <p class='ocr_par' dir='ltr' id='par_1_5' title="bbox 25 3202 1241 4418">
     <span class='ocr_line' id='line_1_20' title="bbox 102 3202 1240 3286; baseline 0 -19"><span class='ocrx_word' id='word_1_156' title='bbox 102 3220 257 3286; x_wconf 88' lang='lat' dir='ltr'><strong>postremo</strong></span> <span class='ocrx_word' id='word_1_157' title='bbox 279 3227 295 3266; x_wconf 85' lang='lat' dir='ltr'><strong>c</strong></span> <span class='ocrx_word' id='word_1_158' title='bbox 315 3207 517 3284; x_wconf 87' lang='lat' dir='ltr'><strong>primogenita</strong></span> <span class='ocrx_word' id='word_1_159' title='bbox 537 3227 592 3265; x_wconf 91' lang='lat' dir='ltr'><strong>sua</strong></span> <span class='ocrx_word' id='word_1_160' title='bbox 608 3208 718 3264; x_wconf 82' lang='lat' dir='ltr'><strong>natura</strong></span> <span class='ocrx_word' id='word_1_161' title='bbox 731 3205 868 3283; x_wconf 88' lang='lat' dir='ltr'><strong>perculsa</strong></span> <span class='ocrx_word' id='word_1_162' title='bbox 882 3202 987 3264; x_wconf 92' lang='lat' dir='ltr'><strong>itidem</strong></span> <span class='ocrx_word' id='word_1_163' title='bbox 1001 3216 1240 3268; x_wconf 87' lang='lat' dir='ltr'><strong>consummatum</strong></span> 
     </span>
     <span class='ocr_line' id='line_1_21' title="bbox 52 3288 1240 3390; baseline 0.004 -24"><span class='ocrx_word' id='word_1_164' title='bbox 52 3288 55 3293; x_wconf 10' lang='grc' dir='ltr'><em>Δ</em></span> <span class='ocrx_word' id='word_1_165' title='bbox 103 3305 214 3367; x_wconf 89' lang='lat' dir='ltr'><strong>reddit.</strong></span> <span class='ocrx_word' id='word_1_166' title='bbox 256 3307 300 3365; x_wconf 88' lang='lat' dir='ltr'><strong>Ea</strong></span> <span class='ocrx_word' id='word_1_167' title='bbox 320 3307 424 3386; x_wconf 86' lang='lat' dir='ltr'><strong>itaque</strong></span> <span class='ocrx_word' id='word_1_168' title='bbox 444 3307 601 3382; x_wconf 84' lang='lat' dir='ltr'><strong>materies,</strong></span> <span class='ocrx_word' id='word_1_169' title='bbox 630 3324 725 3365; x_wconf 88' lang='lat' dir='ltr'><strong>unum</strong></span> <span class='ocrx_word' id='word_1_170' title='bbox 754 3307 907 3366; x_wconf 90' lang='lat' dir='ltr'><strong>inlocum</strong></span> <span class='ocrx_word' id='word_1_171' title='bbox 935 3321 1073 3387; x_wconf 84' lang='lat' dir='ltr'><strong>congesta</strong></span> <span class='ocrx_word' id='word_1_172' title='bbox 1091 3328 1132 3369; x_wconf 88' lang='lat' dir='ltr'><strong>ex</strong></span> <span class='ocrx_word' id='word_1_173' title='bbox 1152 3331 1240 3390; x_wconf 89' lang='lat' dir='ltr'><strong>prae·</strong></span> 
     </span>
     <span class='ocr_line' id='line_1_22' title="bbox 104 3406 1239 3494; baseline 0.005 -25"><span class='ocrx_word' id='word_1_174' title='bbox 104 3408 174 3469; x_wconf 84' lang='lat' dir='ltr'><strong>latis</strong></span> <span class='ocrx_word' id='word_1_175' title='bbox 195 3407 344 3486; x_wconf 87' lang='lat' dir='ltr'><strong>corruptis</strong></span> <span class='ocrx_word' id='word_1_176' title='bbox 365 3409 564 3485; x_wconf 80' lang='lat' dir='ltr'><strong>horroribus,</strong></span> <span class='ocrx_word' id='word_1_177' title='bbox 592 3421 654 3470; x_wconf 91' lang='lat' dir='ltr'><strong>tam</strong></span> <span class='ocrx_word' id='word_1_178' title='bbox 675 3406 812 3485; x_wconf 87' lang='lat' dir='ltr'><strong>sordida,</strong></span> <span class='ocrx_word' id='word_1_179' title='bbox 841 3408 951 3490; x_wconf 86' lang='lat' dir='ltr'><strong>fetida,</strong></span> <span class='ocrx_word' id='word_1_180' title='bbox 973 3410 1137 3494; x_wconf 71' lang='lat' dir='ltr'><strong>loqualida,</strong></span> <span class='ocrx_word' id='word_1_181' title='bbox 1168 3435 1239 3475; x_wconf 89' lang='lat' dir='ltr'><strong>ran-</strong></span> 
     </span>
     <span class='ocr_line' id='line_1_23' title="bbox 103 3504 1241 3594; baseline 0.011 -25"><span class='ocrx_word' id='word_1_182' title='bbox 103 3504 183 3570; x_wconf 81' lang='lat' dir='ltr'><strong>cida</strong></span> <span class='ocrx_word' id='word_1_183' title='bbox 204 3507 388 3588; x_wconf 88' lang='lat' dir='ltr'><strong>impuraque</strong></span> <span class='ocrx_word' id='word_1_184' title='bbox 437 3510 520 3571; x_wconf 87' lang='lat' dir='ltr'><strong>omni</strong></span> <span class='ocrx_word' id='word_1_185' title='bbox 566 3508 736 3573; x_wconf 79' lang='lat' dir='ltr'><strong>colluvione</strong></span> <span class='ocrx_word' id='word_1_186' title='bbox 777 3509 965 3573; x_wconf 88' lang='lat' dir='ltr'><strong>immundior</strong></span> <span class='ocrx_word' id='word_1_187' title='bbox 1014 3514 1157 3594; x_wconf 87' lang='lat' dir='ltr'><strong>efficitur,</strong></span> <span class='ocrx_word' id='word_1_188' title='bbox 1207 3533 1241 3581; x_wconf 90' lang='lat' dir='ltr'><strong>ut</strong></span> 
     </span>
     <span class='ocr_line' id='line_1_24' title="bbox 102 3611 1240 3696; baseline 0.01 -24"><span class='ocrx_word' id='word_1_189' title='bbox 102 3611 182 3672; x_wconf 82' lang='lat' dir='ltr'><strong>niltil</strong></span> <span class='ocrx_word' id='word_1_190' title='bbox 202 3611 362 3672; x_wconf 89' lang='lat' dir='ltr'><strong>hominum</strong></span> <span class='ocrx_word' id='word_1_191' title='bbox 385 3624 509 3673; x_wconf 87' lang='lat' dir='ltr'><strong>naturae</strong></span> <span class='ocrx_word' id='word_1_192' title='bbox 537 3613 773 3676; x_wconf 88' lang='lat' dir='ltr'><strong>abominabilius</strong></span> <span class='ocrx_word' id='word_1_193' title='bbox 804 3613 937 3676; x_wconf 84' lang='lat' dir='ltr'><strong>cocidere</strong></span> <span class='ocrx_word' id='word_1_194' title='bbox 971 3618 1077 3696; x_wconf 87' lang='lat' dir='ltr'><strong>possit.</strong></span> <span class='ocrx_word' id='word_1_195' title='bbox 1141 3617 1240 3694; x_wconf 87' lang='lat' dir='ltr'><strong>Quam</strong></span> 
     </span>
     <span class='ocr_line' id='line_1_25' title="bbox 25 3714 1240 3798; baseline 0.007 -25"><span class='ocrx_word' id='word_1_196' title='bbox 25 3732 32 3739; x_wconf 88' lang='lat'><strong>·</strong></span> <span class='ocrx_word' id='word_1_197' title='bbox 103 3733 199 3797; x_wconf 90' lang='lat' dir='ltr'><strong>quum</strong></span> <span class='ocrx_word' id='word_1_198' title='bbox 233 3715 385 3793; x_wconf 81' lang='lat' dir='ltr'><strong>expellere</strong></span> <span class='ocrx_word' id='word_1_199' title='bbox 416 3715 555 3792; x_wconf 91' lang='lat' dir='ltr'><strong>enititur,</strong></span> <span class='ocrx_word' id='word_1_200' title='bbox 593 3714 633 3777; x_wconf 89' lang='lat' dir='ltr'><strong>ad</strong></span> <span class='ocrx_word' id='word_1_201' title='bbox 668 3738 817 3780; x_wconf 77' lang='lat' dir='ltr'><strong>venarum</strong></span> <span class='ocrx_word' id='word_1_202' title='bbox 855 3739 1048 3798; x_wconf 86' lang='lat' dir='ltr'><strong>congressum</strong></span> <span class='ocrx_word' id='word_1_203' title='bbox 1080 3722 1156 3782; x_wconf 86' lang='lat' dir='ltr'><strong>circa</strong></span> <span class='ocrx_word' id='word_1_204' title='bbox 1185 3744 1240 3782; x_wconf 91' lang='lat' dir='ltr'><strong>na·</strong></span> 
     </span>
     <span class='ocr_line' id='line_1_26' title="bbox 48 3810 1240 3905; baseline 0.008 -29"><span class='ocrx_word' id='word_1_205' title='bbox 48 3894 52 3899; x_wconf 20' lang='lat'><strong><em>³</em></strong></span> <span class='ocrx_word' id='word_1_206' title='bbox 102 3817 212 3877; x_wconf 86' lang='lat' dir='ltr'><strong>turalia</strong></span> <span class='ocrx_word' id='word_1_207' title='bbox 232 3817 369 3878; x_wconf 86' lang='lat' dir='ltr'><strong>virorum</strong></span> <span class='ocrx_word' id='word_1_208' title='bbox 391 3810 632 3902; x_wconf 84' lang='lat' dir='ltr'><strong>feminarumque</strong></span> <span class='ocrx_word' id='word_1_209' title='bbox 665 3818 813 3899; x_wconf 88' lang='lat' dir='ltr'><strong>demittit,</strong></span> <span class='ocrx_word' id='word_1_210' title='bbox 845 3819 980 3900; x_wconf 88' lang='lat' dir='ltr'><strong>tandem,</strong></span> <span class='ocrx_word' id='word_1_211' title='bbox 1014 3824 1148 3886; x_wconf 91' lang='lat' dir='ltr'><strong>crebrius</strong></span> <span class='ocrx_word' id='word_1_212' title='bbox 1169 3847 1240 3905; x_wconf 91' lang='lat' dir='ltr'><strong>per·</strong></span> 
     </span>
     <span class='ocr_line' id='line_1_27' title="bbox 47 3919 1240 4011; baseline 0.009 -34"><span class='ocrx_word' id='word_1_213' title='bbox 47 3998 50 4005; x_wconf 25' lang='lat'><strong>¹</strong></span> <span class='ocrx_word' id='word_1_214' title='bbox 107 3920 194 3980; x_wconf 77' lang='lat' dir='ltr'><strong>criseis</strong></span> <span class='ocrx_word' id='word_1_215' title='bbox 226 3919 421 4002; x_wconf 90' lang='lat' dir='ltr'><strong>contritisque</strong></span> <span class='ocrx_word' id='word_1_216' title='bbox 454 3922 589 4003; x_wconf 87' lang='lat' dir='ltr'><strong>corporis</strong></span> <span class='ocrx_word' id='word_1_217' title='bbox 625 3924 784 3987; x_wconf 91' lang='lat' dir='ltr'><strong>moenibus</strong></span> <span class='ocrx_word' id='word_1_218' title='bbox 816 3926 1114 4011; x_wconf 80' lang='lat' dir='ltr'><strong>propugnaculisque</strong></span> <span class='ocrx_word' id='word_1_219' title='bbox 1155 3925 1240 3988; x_wconf 90' lang='lat' dir='ltr'><strong>diru-</strong></span> 
     </span>
     <span class='ocr_line' id='line_1_28' title="bbox 51 4016 1239 4110; baseline 0.008 -30"><span class='ocrx_word' id='word_1_220' title='bbox 51 4016 54 4023; x_wconf 83' lang='grc'><strong>’</strong></span> <span class='ocrx_word' id='word_1_221' title='bbox 106 4021 157 4095; x_wconf 91' lang='lat' dir='ltr'><strong>tis,</strong></span> <span class='ocrx_word' id='word_1_222' title='bbox 190 4035 273 4082; x_wconf 90' lang='lat' dir='ltr'><strong>tanta</strong></span> <span class='ocrx_word' id='word_1_223' title='bbox 303 4023 336 4082; x_wconf 89' lang='lat' dir='ltr'><strong>vi</strong></span> <span class='ocrx_word' id='word_1_224' title='bbox 364 4026 486 4104; x_wconf 83' lang='lat' dir='ltr'><strong>sagittae</strong></span> <span class='ocrx_word' id='word_1_225' title='bbox 519 4039 660 4088; x_wconf 89' lang='lat' dir='ltr'><strong>contusae</strong></span> <span class='ocrx_word' id='word_1_226' title='bbox 691 4026 729 4088; x_wconf 89' lang='lat' dir='ltr'><strong>ad</strong></span> <span class='ocrx_word' id='word_1_227' title='bbox 761 4030 919 4108; x_wconf 81' lang='lat' dir='ltr'><strong>proximos</strong></span> <span class='ocrx_word' id='word_1_228' title='bbox 947 4028 1110 4110; x_wconf 89' lang='lat' dir='ltr'><strong>prosiliunt</strong></span> <span class='ocrx_word' id='word_1_229' title='bbox 1139 4031 1239 4091; x_wconf 88' lang='lat' dir='ltr'><strong>horni-</strong></span> 
     </span>
     <span class='ocr_line' id='line_1_29' title="bbox 66 4123 1240 4208; baseline 0.014 -30"><span class='ocrx_word' id='word_1_230' title='bbox 66 4130 69 4135; x_wconf 84' lang='grc'><em>“</em></span> <span class='ocrx_word' id='word_1_231' title='bbox 101 4141 167 4194; x_wconf 87' lang='lat' dir='ltr'><strong>nes,</strong></span> <span class='ocrx_word' id='word_1_232' title='bbox 183 4123 261 4184; x_wconf 81' lang='lat' dir='ltr'><strong>trude</strong></span> <span class='ocrx_word' id='word_1_233' title='bbox 272 4125 443 4187; x_wconf 79' lang='lat' dir='ltr'><strong>affrrritatem</strong></span> <span class='ocrx_word' id='word_1_234' title='bbox 456 4149 523 4188; x_wconf 90' lang='lat' dir='ltr'><strong>cum</strong></span> <span class='ocrx_word' id='word_1_235' title='bbox 538 4129 708 4208; x_wconf 86' lang='lat' dir='ltr'><strong>pestilentia</strong></span> <span class='ocrx_word' id='word_1_236' title='bbox 721 4131 833 4192; x_wconf 89' lang='lat' dir='ltr'><strong>habere</strong></span> <span class='ocrx_word' id='word_1_237' title='bbox 848 4129 970 4192; x_wconf 82' lang='lat' dir='ltr'><strong>videtur</strong></span> <span class='ocrx_word' id='word_1_238' title='bbox 985 4130 1145 4208; x_wconf 85' lang='lat' dir='ltr'><strong>aegritudo</strong></span> <span class='ocrx_word' id='word_1_239' title='bbox 1157 4137 1240 4199; x_wconf 78' lang='lat' dir='ltr'><strong>lmec.</strong></span> 
     </span>
     <span class='ocr_line' id='line_1_30' title="bbox 101 4219 1241 4314; baseline 0.011 -33"><span class='ocrx_word' id='word_1_240' title='bbox 101 4219 206 4296; x_wconf 84' lang='lat' dir='ltr'><strong>Quum</strong></span> <span class='ocrx_word' id='word_1_241' title='bbox 227 4248 298 4288; x_wconf 84' lang='lat' dir='ltr'><strong>vero</strong></span> <span class='ocrx_word' id='word_1_242' title='bbox 320 4252 353 4290; x_wconf 91' lang='lat' dir='ltr'><strong>ea</strong></span> <span class='ocrx_word' id='word_1_243' title='bbox 375 4233 508 4293; x_wconf 86' lang='lat' dir='ltr'><strong>carmina</strong></span> <span class='ocrx_word' id='word_1_244' title='bbox 539 4247 567 4294; x_wconf 88' lang='lat' dir='ltr'><strong>et</strong></span> <span class='ocrx_word' id='word_1_245' title='bbox 588 4247 723 4294; x_wconf 83' lang='lat' dir='ltr'><strong>acctrrnta</strong></span> <span class='ocrx_word' id='word_1_246' title='bbox 747 4233 922 4312; x_wconf 84' lang='lat' dir='ltr'><strong>diligentia,</strong></span> <span class='ocrx_word' id='word_1_247' title='bbox 955 4249 985 4298; x_wconf 88' lang='lat' dir='ltr'><strong>et</strong></span> <span class='ocrx_word' id='word_1_248' title='bbox 1006 4235 1156 4314; x_wconf 89' lang='lat' dir='ltr'><strong>singulari</strong></span> <span class='ocrx_word' id='word_1_249' title='bbox 1178 4249 1241 4295; x_wconf 86' lang='lat' dir='ltr'><strong>arte</strong></span> 
     </span>
     <span class='ocr_line' id='line_1_31' title="bbox 100 4327 1240 4418; baseline 0.005 -32"><span class='ocrx_word' id='word_1_250' title='bbox 100 4328 140 4404; x_wconf 85' lang='lat' dir='ltr'><strong>ab</strong></span> <span class='ocrx_word' id='word_1_251' title='bbox 164 4327 269 4389; x_wconf 88' lang='lat' dir='ltr'><strong>eodem</strong></span> <span class='ocrx_word' id='word_1_252' title='bbox 291 4332 447 4412; x_wconf 88' lang='lat' dir='ltr'><strong>utriusque</strong></span> <span class='ocrx_word' id='word_1_253' title='bbox 471 4334 546 4395; x_wconf 88' lang='lat' dir='ltr'><strong>iuris</strong></span> <span class='ocrx_word' id='word_1_254' title='bbox 578 4336 748 4414; x_wconf 84' lang='lat' dir='ltr'><strong>professore</strong></span> <span class='ocrx_word' id='word_1_255' title='bbox 781 4338 963 4418; x_wconf 86' lang='lat' dir='ltr'><strong>conscripta,</strong></span> <span class='ocrx_word' id='word_1_256' title='bbox 995 4356 1114 4397; x_wconf 85' lang='lat' dir='ltr'><strong>cattsam</strong></span> <span class='ocrx_word' id='word_1_257' title='bbox 1145 4357 1240 4395; x_wconf 91' lang='lat' dir='ltr'><strong>reme-</strong></span> 
     </span>
    </p>
   </div>
   <div class='ocr_carea' id='block_1_4' title="bbox 887 4450 931 4512">
    <p class='ocr_par' dir='ltr' id='par_1_6' title="bbox 887 4450 931 4512">
     <span class='ocr_line' id='line_1_32' title="bbox 887 4450 931 4512; baseline 0 -24"><span class='ocrx_word' id='word_1_258' title='bbox 887 4450 931 4512; x_wconf 53' lang='lat'><strong>1*</strong></span> 
     </span>
    </p>
   </div>
   <div class='ocr_carea' id='block_1_5' title="bbox 0 0 1408 4800">
    <p class='ocr_par' dir='ltr' id='par_1_7' title="bbox 0 0 1408 4800">
     <span class='ocr_line' id='line_1_33' title="bbox 0 0 1408 4800; baseline 0 0"><span class='ocrx_word' id='word_1_259' title='bbox 0 0 1408 4800; x_wconf 95' lang='lat' dir='ltr'><strong> </strong></span> 
     </span>
    </p>
   </div>
  </div>
 </body>
</html>
