2806 4800
663 219 739 288 rso
760 190 763 195 ’

135 426 216 487 quae
247 405 278 464 in
304 404 432 482 sphaera
453 402 621 463 activorum
645 414 675 461 et
696 403 906 480 passivorum,
933 402 1049 461 coelum
1070 421 1192 478 musam
1223 425 1282 483 per

135 504 269 568 accidens
290 526 370 582 esse,
395 501 528 586 quodsi
556 506 761 565 Astarorsms
784 505 906 581 vulgata
929 504 1093 579 sententia,
1121 505 1153 566 iu
1176 508 1282 584 primo

136 621 357 682 meteororum,
391 609 459 666 luce
487 607 598 667 clarius
631 627 696 668 non
724 588 909 680 coniittaret,
941 616 1148 667 monstrarem
1170 608 1280 675 latius:

133 707 188 772 aad
209 707 247 770 de
266 729 300 768 re
322 707 478 769 manifesta
506 728 614 769 revera
634 728 696 768 noo
719 727 828 786 parum
850 704 951 768 taedet
967 701 1156 787 *disospura
1175 742 1178 749 ⁴
1198 707 1282 771 Cum
1381 684 1384 799 i

134 823 236 872 autam
257 811 374 870 coelum
392 806 559 869 aeneadum
587 822 680 870 certas
702 808 929 870 coniunctiones
956 820 986 870 et
1015 809 1188 870 iuilue'ntias
1210 811 1282 870 uui·

135 911 267 972 versales
287 910 320 969 in
340 907 491 971 causando
511 924 610 991 pestes
639 910 826 993 quandoque
852 930 975 972 caumes
1004 909 1153 988 dixerim,
1179 926 1216 974 tu
1236 913 1281 974 ita

135 1023 277 1092 proterve
298 1024 327 1072 et
346 1012 507 1090 pueriliter
527 1014 650 1088 obiicis,
672 1016 705 1073 dt
728 1034 829 1094 neque
850 1013 987 1090 apertius
1007 1015 1149 1075 cavillare
1161 1014 1281 1094 potuis·

135 1135 201 1192 ses3
231 1115 275 1176 ais
294 1135 444 1196 namque,
471 1128 570 1176 totum
599 1117 717 1176 coelum
745 1116 948 1175 intellexerim
967 1128 1023 1176 etc.
1076 1116 1156 1176 Cum
1176 1127 1279 1176 autem

39 1271 43 1276 .
135 1213 301 1278 secundum
322 1217 504 1278 Avroarussts
518 1225 620 1279 ae'rem
640 1219 672 1279 iu
693 1218 862 1279 substantia
881 1218 1167 1300 corrumpiabsqua
1182 1216 1281 1277 maai·
1320 1210 1323 1218 '

136 1319 212 1379 festa
232 1317 410 1378 alteratione
429 1320 612 1399 qualitatum
634 1317 776 1395 dixerim,
796 1319 872 1380 sicut
894 1319 988 1381 verba
1000 1319 1178 1380 Avroarvaaa
1192 1339 1281 1379 mon·

136 1432 241 1492 strant,
261 1420 443 1499 qualitatum
456 1423 675 1483 alterationem
696 1443 861 1505 nusquam,
881 1420 936 1485 sed
961 1422 1151 1483 manifestam
1170 1434 1203 1485 et
1222 1442 1281 1483 no·

135 1523 260 1584 tabilem
282 1523 403 1600 negavi3
424 1523 493 1585 licet
514 1545 646 1605 namque
658 1526 761 1606 aliqua
780 1525 829 1599 sit,
848 1525 891 1584 ita
905 1522 1025 1585 modica
1041 1522 1175 1605 denique
1188 1545 1281 1603 saepe

135 1635 197 1698 est,
219 1637 252 1685 ut
274 1645 395 1686 sensum
416 1627 523 1702 lateat,
546 1626 804 1689 modicus-autem
826 1630 930 1707 lapsus
951 1628 1047 1703 acris,
1074 1627 1132 1709 qui
1151 1628 1282 1689 mseasi-

135 1727 239 1787 biliter
259 1744 387 1804 corpora
414 1727 521 1805 afficit,
541 1743 697 1792 tantarum
716 1728 961 1809 aegritudinum,
989 1730 1089 1810 qualis
1110 1730 1281 1809 estpestis,

136 1848 224 1890 causa
245 1829 370 1890 minime
391 1851 454 1892 esse
475 1845 588 1911 potest,
610 1833 670 1894 nisi
690 1835 806 1894 occulta
824 1833 880 1894 illa
900 1831 1089 1895 venenositas
1110 1829 1241 1894 mediate
1261 1855 1280 1893 a

135 1936 218 1995 coelo
239 1933 271 1993 in
293 1942 363 1995 abre
385 1938 486 2013 genita
505 1951 678 2015 concsrrrat3
700 1939 785 2012 haec,
806 1938 863 1999 etsi
884 1957 946 1998 non
961 1936 1173 1996 elementarius
1192 1957 1280 2014 puer,

111 2036 228 2096 'immo
248 2033 437 2113 grandaevus
465 2039 523 2114 sis,
552 2062 627 2120 prae
655 2041 752 2102 livore
779 2041 874 2100 animi
903 2037 1071 2099 advertisse
1097 2057 1159 2097 nou
1179 2049 1280 2116 potes.

120 2136 301 2215 ,subiungis
317 2135 469 2222 denique,
498 2139 741 2222 complexionem
764 2140 892 2203 calidam
913 2153 948 2209 et·
964 2136 1128 2200 humidam:
1143 2137 1181 2199 ad
1203 2152 1281 2200 tem·

112 2250 270 2316 speratam
285 2235 400 2313 reduci,
420 2241 479 2300 sub
501 2262 599 2322 eaque
619 2239 856 2322 comprehendi,
877 2237 963 2322 quod
981 2237 1168 2301 medicorum
1181 2260 1281 2302 namo

135 2359 270 2421 amquam
293 2337 387 2409 dixit:
419 2343 494 2403 falsa
520 2341 560 2403 ad
591 2346 650 2404 hoc
677 2345 808 2405 Gsaraar
838 2344 1078 2421 Avmarasaqus
1107 2341 1281 2402 testimonia

134 2439 222 2515 citas,
245 2463 313 2502 cum
334 2463 487 2524 nusquam
508 2436 616 2504 eorum
636 2446 748 2524 scripta
768 2445 916 2519 habeant,
946 2440 1002 2504 sed
1027 2452 1066 2503 tu
1091 2443 1195 2502 onmia
1221 2462 1279 2522 pro

92 2568 95 2573 ·
134 2543 262 2605 arbitrio
283 2556 337 2606 tuo
367 2544 456 2623 fingis
492 2559 522 2608 et
548 2546 725 2608 latitudines
753 2546 1024 2626 complexionum,
1048 2544 1124 2605 sicut
1151 2556 1185 2625 'et
1207 2544 1281 2605 reli-

134 2667 211 2729 quas
231 2668 279 2709 res
301 2645 494 2710 medicinales
513 2630 683 2711 confundis.
736 2648 920 2728 Complexio
932 2646 1023 2707 *enim
1039 2645 1139 2726 salida
1164 2659 1193 2708 et
1218 2648 1281 2706 liu·

134 2745 227 2823 mida,
249 2749 323 2830 quia
343 2751 427 2828 lapsa
447 2763 501 2826 est,
523 2749 679 2832 quomodo
701 2763 868 2830 temperata
885 2769 949 2811 esse
960 2745 1080 2828 potest?
1102 2750 1151 2809 Tu
1163 2751 1280 2828 lapsam

136 2862 165 2911 et
195 2863 392 2931 temperatam
423 2850 549 2913 eandem
574 2853 659 2913 ‚iorte
686 2853 793 2927 iacies,
826 2874 865 2913 cx
897 2871 1021 2932 sanoque
1040 2850 1281 2913 inconveniente

134 2953 218 3014 eliud
239 2955 408 3030 subinfers,
435 2964 538 3016 ae'rem
566 2953 697 3014 calidum
731 2967 761 3015 et
789 2952 956 3015 humidum
967 2965 1177 3031 >temperatum
1205 2975 1281 3016 esse.¹

134 3057 197 3118 Ae'r
223 3057 526 3140 namque-absolute
557 3067 740 3135 temperatus
762 3075 825 3117 non
851 3052 980 3130 dicitur3
1006 3050 1169 3133 quodlibet
1196 3055 1278 3116 euim

133 3160 317 3222 elementum
337 3161 515 3241 qualitatem
541 3157 574 3218 in
593 3177 714 3218 summo
736 3153 994 3237 penalem-quod
1015 3156 1196 3234 temperiem
1216 3177 1279 3218 non

134 3261 221 3323 iacit:
242 3260 418 3344 quodlicet
440 3280 545 3322 verum
567 3261 616 3336 sit,
637 3257 721 3339 apud
743 3257 877 3321 medicos
897 3271 999 3320 autem
1020 3264 1073 3317 ae'r
1094 3271 1279 3339 temperatus

133 3360 248 3424 dicitur-
265 3364 491 3444 comparatione
504 3364 649 3443 corporis
672 3364 816 3437 humani,
838 3383 907 3424 cum
929 3363 1040 3423 scilicet
1063 3365 1180 3425 nullam
1201 3385 1279 3447 qua-

133 3475 205 3524 tuor
222 3466 404 3546 qualitatum
427 3466 461 3525 in
483 3486 606 3526 excessu
625 3467 737 3541 habet,
766 3487 876 3547 neque⁸
890 3486 1001 3544 corpus
1021 3464 1128 3546 aliqua
1156 3466 1279 3524 illarum

132 3567 315 3628 sensibiliter
336 3566 485 3645 afficitur,
511 3565 767 3628 calidumssautem
789 3580 818 3630 et
839 3567 1002 3628 humidum
1027 3573 1130 3628 a‘e‘rem
1158 3566 1280 3626 ablron

133 3681 371 3749 temperamento
399 3669 520 3747 lapsum
550 3688 631 3744 ease,
661 3688 754 3730 nemo
771 3670 920 3748 ambigit:
954 3667 1274 3741 nihilominusaliram

132 3783 333 3852 temperatum
351 3792 407 3852 per
428 3769 562 3833 calidum
573 3771 789 3835 et‚·bumidum
811 3772 1013 3854 circumloqui
1034 3773 1164 3834 volabas·
1182 3805 1186 3813 ·
1205 3762 1275 3832 Cir·

132 3876 289 3956 cumloqui
300 3876 392 3949 enim,
416 3872 489 3936 dum
502 3888 572 3956 apte
590 3888 620 3939 et
638 3900 678 3939 ex
699 3899 790 3940 causa
805 3876 868 3954 fiat,
887 3897 949 3941 nou
967 3878 1084 3954 <culpor
1102 3886 1136 3936 tu
1147 3889 1222 3931 vero
1233 3869 1278 3929 al-

24 4019 37 4036 .
134 3975 206 4035 bum
229 3977 285 4057 per
303 3978 426 4056 nigrum
447 3977 705 4060 circumloqueris,
721 3977 848 4040 laudare
861 3975 1114 4041 ·oon-debebam.-
1138 3975 1194 4037 ¹De
1210 3982 1281 4052 par·

134 4075 252 4137 ticulari
274 4093 357 4157 peste
380 4078 520 4154 dixerim,
543 4101 610 4145 eam
630 4093 715 4160 puto'
729 4083 845 4163 absque
867 4081 943 4141 coeli
963 4077 1123 4140 inlicientis
1143 4073 1280 4136 castsari:

134 4175 335 4258 ruinamque
364 4183 515 4265 occultum
542 4195 613 4256 est,
628 4184 665 4245 si
692 4185 863 4249 borriiuum
883 4179 1009 4261 quidam
1040 4203 1058 4240 a
1078 4193 1188 4256 stagno
1206 4176 1282 4239 vloe·

54 4339 56 4342 Α
135 4289 215 4341 tcute
242 4279 461 4346 aut.cadavere
479 4279 753 4371 irtdciatur,2r;coeli
775 4283 934 4376 influentia
957 4281 1032 4346 ,boo
1050 4280 1180 4347 minime
1206 4277 1282 4339 fieri.
1338 4354 1342 4364 x
