2806 4800
686 217 761 286 356

155 400 393 490 innormitatem,
410 420 479 462 com
504 419 623 462 summa
642 399 683 463 eit
702 397 884 461 brtmaoitar·
905 433 949 446 --
983 400 1058 465 lleie
1072 412 1179 465 umen
1190 418 1312 485 qtranto

154 503 255 565 minua
279 515 323 564 eet
345 503 474 582 periculi
497 524 515 562 a
537 502 724 582 pestilentia,
757 521 849 582 qoam
881 503 1001 566 abbae
1026 502 1150 569 toabioi
1191 508 1310 571 Rarius

158 605 240 666 alilat
263 606 473 686 propinqum,
505 625 560 665 nee
581 605 645 664 iore
666 624 753 665 aenea
773 603 912 682 attingit3
946 618 975 666 et
996 626 1077 688 quoa
1101 608 1219 687 attigit,
1252 623 1308 673 aut

153 711 212 772 cito
225 710 344 784 liberat,
358 722 410 770 atu
424 705 553 769 restituit
565 705 685 767 sanitati
697 704 837 785 puriores
848 705 949 784 etiam,
964 728 1060 789 quam
1070 723 1161 772 antea
1172 713 1307 774 fuerant.

153 811 235 870 Haec
255 807 331 892 quid
352 807 435 869 aliud
458 828 553 888 quam
579 820 726 889 perpetua
748 827 831 871 moro
851 792 900 871 esi
917 811 964 871 vel
972 853 981 886 ‚
1010 823 1044 873 ut
1065 814 1171 879 verine
1193 812 1307 891 diaam,

153 909 330 990 sepultura?
365 909 583 974 Obvolvuotur
603 912 704 974 linteis
726 924 755 973 et
776 913 939 991 unguentis
963 933 1048 976 more
1062 915 1261 981 cadaverum.

243 1036 322 1095 Petr.
365 1032 533 1095 Verimima
558 1053 672 1094 narrat.
715 1032 829 1095 Saltem
863 1029 945 1093 idem
967 1026 1056 1097 curae
1077 1033 1217 1111 dandum
1241 1050 1307 1099 erat

155 1135 227 1195 huic
250 1147 310 1195 tam
331 1135 448 1199 exitiali
469 1137 588 1210 morbo,
610 1134 695 1217 quod
719 1133 809 1195 datur
831 1135 966 1215 leprosis.
1010 1137 1073 1201 Aut
1093 1138 1121 1201 ai
1138 1139 1202 1201 boc
1224 1160 1306 1223 quo·

154 1258 215 1318 que
237 1237 367 1297 nimium
390 1251 450 1314 eet,
470 1259 560 1299 nemo
585 1239 697 1297 barbae
719 1238 828 1298 silvam
850 1238 983 1318 patiatur
1003 1238 1063 1301 ribi
1084 1237 1200 1302 demeti
1208 1283 1218 1316 ,
1253 1255 1306 1302 aut

153 1340 210 1399 sibi
234 1341 364 1422 quisque
387 1351 539 1403 tonsorem
566 1353 705 1419 praestet.

240 1461 331 1521 Gobr.
375 1454 458 1531 Quid
479 1457 506 1517 oi
528 1469 657 1539 uterque
678 1455 796 1521 claudat
817 1457 874 1521 oa?

240 1564 318 1629 Patr.
360 1561 474 1621 Atttuu
496 1561 623 1622 naribus
644 1562 767 1623 malum.

240 1665 332 1725 θοὸν.
374 1663 426 1724 liat
450 1674 480 1722 et
499 1663 550 1723 iati
572 1664 653 1731 malo
672 1662 852 1727 remedium.

239 1769 317 1826 Petr.
359 1761 543 1837 Quodnam?

240 1869 329 1929 θοὸν.
375 1867 427 1943 Ut,
449 1865 534 1949 quod
557 1870 654 1929 solent
677 1869 874 1947 Alcumiotici,
894 1867 1009 1937 addant
1020 1889 1196 1949 pertonant,
1222 1894 1303 1954 quae

152 1992 209 2053 pet·
236 1971 348 2035 vineas
380 1969 549 2033 fenestellae
581 1972 726 2050 praebeat
754 1974 859 2035 lumen
888 1973 999 2047 oculis,
1031 1974 1078 2035 ori
1107 1975 1304 2056 naribusque

150 2072 380 2154 respirationem
403 2092 496 2134 cornu
519 2094 537 2131 a
555 2093 684 2152 persona
707 2095 762 2154 per
782 2077 891 2137 axillas
909 2077 941 2136 in
963 2089 1080 2153 tergum
1101 2090 1262 2155 porrecto.

240 2198 317 2258 Patr.
362 2197 456 2270 Belle,
478 2195 504 2254 ei
526 2195 605 2254 nihil
626 2196 823 2259 metuendum
846 2211 890 2260 est
919 2206 1095 2258 acontactu
1118 2193 1304 2275 digitorum,

152 2298 327 2374 linteorum,
348 2299 474 2377 pectinis
497 2311 526 2358 et
547 2298 666 2360 forficis.

241 2419 332 2477 Gabr.
374 2414 532 2497 Optimum
554 2418 660 2495 igitur,
680 2419 807 2478 barbam
829 2438 926 2499 usque
947 2413 986 2477 ad
1008 2436 1106 2495 genua
1126 2413 1304 2481 demittere.

239 2523 316 2582 Patr.
358 2520 401 2580 lta
428 2518 559 2583 videtur.
603 2518 724 2582 Deinde
754 2520 805 2582 fiat
833 2519 981 2596 edietum,
1015 2520 1123 2600 nequir
1153 2518 1242 2582 idem
1266 2523 1305 2584 eit

152 2634 258 2684 tonsor
276 2636 306 2684 at
327 2623 498 2704 chirurgus.

238 2728 330 2788 θοὸν.
375 2723 423 2786 Ad
448 2727 558 2787 lamam
579 2729 694 2806 relegas
711 2738 863 2788 tonsores.

236 2831 314 2889 Patr.
357 2829 500 2890 Minuant
520 2843 637 2890 sumtus
661 2842 689 2890 et
710 2831 868 2912 aliquanto
890 2827 989 2908 pluria
1009 2822 1130 2887 radant.

146 2992 153 3015 ,
237 2933 328 2993 Gabr.
368 2931 448 2992 Esto.

235 3037 315 3096 Petr.
359 3035 442 3095 Tum
466 3034 581 3095 feratur
598 3035 668 3107 lex,
706 3032 815 3114 nequis
836 3052 903 3093 cum
932 3031 994 3093 alio
1015 3032 1162 3111 poculum
1186 3034 1302 3097 lrabeat
1333 3096 1337 3101 .

150 3155 318 3198 commune.

237 3243 329 3303 Gabr.
369 3242 460 3304 latam
481 3241 536 3324 uix
556 3239 681 3319 recipiat
701 3237 822 3317 Anglia.
881 3228 884 3235 ’

235 3346 316 3405 Patr.
357 3344 442 3407 Nero
464 3343 525 3406 duo
547 3343 730 3406 misceantur
751 3338 858 3402 eodem
881 3341 957 3401 lecto
979 3349 1100 3419 praeter
1121 3359 1260 3415 uxorem
1274 3355 1304 3403 et

151 3444 305 3505 maritum.

239 3549 329 3609 θοὸν.
372 3549 481 3609 Placet.

142 3630 144 3634 ,
235 3652 315 3711 Patr.
356 3646 406 3711 Ad
427 3650 500 3709 haec
522 3650 556 3708 in
576 3647 751 3710 diversoriis
764 3649 892 3730 nequir
913 3649 1023 3729 hospes
1046 3646 1216 3727 indormiat
1239 3654 1304 3713 lin·

149 3752 215 3831 teia,
236 3752 269 3812 in
290 3752 403 3834 quibua
424 3752 502 3812 alius
528 3748 695 3811 indormiit.
1072 3734 1075 3739 ⁸

237 3876 329 3937 Gale.
373 3870 456 3947 Quid
478 3875 568 3939 laaiea
588 3871 759 3947 Germania,
782 3871 838 3952 qui
861 3872 915 3935 vix
936 3873 1039 3937 lavant
1059 3870 1091 3930 in
1115 3869 1224 3932 auno?

237 3997 316 4056 Peir.
359 3995 560 4058 Exetimuleut
581 3994 710 4058 lotricea.
755 3995 913 4055 Praeterea
933 3995 1058 4056 tollatur
1086 4014 1165 4070 moa,
1187 4016 1304 4076 quam·

150 4093 196 4159 vta
218 4106 364 4174 vettutue,
384 4098 538 4163 salutandi
560 4101 673 4161 osculo.

234 4221 328 4278 Gelu.
371 4220 510 4282 Etiamne
532 4221 563 4279 in
586 4216 728 4299 templis?
1184 4267 1187 4271 .

226 4319 345 4399 Peter-o
359 4320 505 4383 Tabellaa
525 4342 608 4382 auam
632 4323 771 4404 qualeque
786 4333 925 4401 opponat
945 4341 1079 4382 manum.
