2806 4800
702 249 776 323 122

169 434 264 497 huius
283 431 377 499 eemli
396 434 525 503 subiecti
545 445 617 503 sunt
636 436 775 502 vultibus
794 435 881 516 eceb,
905 444 1032 501 testante
1044 453 1165 500 summo
1176 435 1315 502 Amara·

169 559 244 599 rnen
272 541 374 621 primo
401 555 610 607 meteororum
638 542 687 603 bis
712 543 830 612 verbis:
863 562 983 608 necesse
1012 553 1057 603 est
1084 537 1235 602 mundum
1263 542 1315 602 in·

167 639 312 705 seriorem
332 646 508 725 contiguum
528 666 593 713 esse
620 645 786 706 lotionibus
813 644 1023 722 superiorum,
1054 654 1091 704 ut
1119 654 1183 704 tota
1213 641 1314 704 rirtue

168 740 241 806 inde
261 747 455 824 gubernetur.
497 747 632 808 Variatis
652 766 725 826 ergo
746 744 1038 822 configurationibus
1058 745 1214 804 stellarum
1227 764 1313 806 erra-

168 846 298 908 ticorum
328 850 498 909 alterantur
524 849 688 925 inferiora,
715 844 794 908 dura
814 859 844 909 et
865 857 981 921 terrea,
1017 846 1128 906 actioni
1157 847 1314 909 alterantie

168 947 260 1010 reniti
279 950 432 1028 potentia,
463 962 579 1034 quanto
608 951 705 1029 magis
734 949 853 1010 facilius
884 946 1020 1027 corporis
1047 948 1177 1008 humani
1203 949 1315 1030 aquosi

168 1049 314 1112 humores
342 1049 448 1128 fluidi,
489 1052 697 1132 impressionis
727 1051 921 1132 superiorum
950 1048 1155 1128 capacissimi,
1184 1050 1242 1132 qui
1270 1051 1313 1111 ob

170 1150 310 1234 quinque
330 1155 472 1216 coelestes
484 1154 748 1234 configurationes,
767 1165 798 1214 et
819 1147 945 1234 quidem
965 1169 1100 1230 magnas,
1119 1170 1196 1226 eam,
1218 1169 1314 1233 quam

170 1271 251 1313 nunc
271 1255 403 1334 habent,
424 1253 552 1319 nocendi
572 1252 824 1337 promtitudinem
844 1263 1033 1332 receperunt.

256 1354 358 1434 Prima
378 1369 444 1418 erat
464 1378 504 1418 ex
524 1354 657 1419 duorum
687 1355 891 1434 superiorum,
912 1354 1050 1415 struma
1071 1365 1100 1414 et
1122 1352 1216 1428 lorrs,
1238 1373 1315 1414 con-

169 1453 325 1517 iunctione
344 1456 377 1516 io
397 1457 511 1518 XXIII.
532 1455 630 1536 gradu
651 1457 832 1537 scorpionis,
847 1455 965 1515 Maure
986 1455 1133 1516 existente
1153 1457 1186 1515 in
1204 1467 1315 1516 octava
1359 1517 1361 1524 ,

170 1553 272 1634 domo,
293 1579 373 1640 quae
392 1557 501 1622 domus
523 1573 568 1623 est
587 1560 706 1637 mortis,
727 1558 812 1621 etin
832 1557 964 1619 XXVII.
986 1557 1106 1632 arietis,
1134 1556 1167 1616 in
1191 1576 1314 1618 summo

169 1659 353 1722 testimonio.
396 1662 488 1724 Facta
500 1663 576 1724 baec
595 1662 766 1724 coniunctio
779 1678 861 1721 anno
878 1659 1008 1720 (lumem
1018 1661 1113 1720 1484,
1155 1658 1261 1722 Simile
1273 1657 1314 1721 de

171 1761 337 1824 universali
356 1764 419 1825 fere
432 1765 505 1826 solis
526 1764 631 1844 eclipsi
651 1764 685 1831 in
705 1783 787 1824 anno
799 1761 917 1823 domini
938 1765 1039 1837 1485,
1060 1762 1178 1822 trum
1193 1761 1267 1823 item
1278 1761 1312 1820 in

171 1860 273 1924 medio
292 1866 385 1942 coeli,
402 1865 435 1924 in
454 1867 542 1944 signo
563 1867 717 1942 humano,
740 1865 951 1926 coniunctione
970 1883 1045 1926 vero
1065 1863 1262 1924 luminarium
1278 1863 1313 1923 in

171 1964 280 2045 quinto
301 1966 412 2029 arietis.
455 1967 604 2030 Successit
625 1967 726 2028 stetim
748 1967 868 2046 eclipsis
888 1966 1007 2048 aliquot
1037 1964 1162 2048 quidem
1183 1979 1313 2045 puncto·

170 2090 241 2130 rum
261 2070 295 2131 in
315 2089 395 2131 anno
416 2066 535 2133 demini
556 2071 640 2130 1487
661 2069 844 2146 XX.-Iulii,
871 2069 1080 2132 coniunctione
1111 2069 1311 2131 luminarium

170 2173 204 2232 in
224 2174 312 2235 leone
333 2175 427 2249 facta,
459 2173 576 2232 Maure
597 2172 631 2231 in
650 2169 752 2233 medio
780 2173 875 2248 coeli,
906 2172 940 2232 in
968 2172 1103 2251 virgine,
1131 2172 1219 2248 signo
1250 2173 1313 2232 Iru-

170 2293 281 2349 mano,
308 2275 364 2355 qui
384 2272 613 2333 dominnseret
638 2272 717 2350 signi
736 2271 923 2335 ascendentis
952 2273 1136 2352 scorpionis,
1162 2273 1310 2335 Strenuo

171 2375 235 2436 fere
253 2374 288 2434 in
304 2371 492 2435 ascendente.
534 2369 652 2432 Accidit
669 2392 751 2434 enno
773 2371 890 2434 domini
911 2379 996 2437 1494
1018 2376 1131 2437 xxttt.
1149 2374 1311 2436 Februarii

171 2471 304 2535 duorum
324 2472 533 2553 superiorum,
561 2472 650 2532 lours
670 2485 701 2534 et
720 2473 873 2548 Sarrum,
904 2478 1076 2556 oppositio,
1108 2477 1252 2540 Serrano
1273 2476 1308 2535 in

169 2575 314 2656 piscibus,
333 2575 420 2653 signo
435 2571 585 2654 aquatico,
604 2573 768 2652 existente,
789 2573 914 2636 domum
935 2578 1021 2639 Iovis
1039 2578 1203 2656 inficiente,
1224 2577 1310 2640 cuius

170 2689 307 2759 temporo
327 2677 466 2758 priorum
480 2673 628 2758 pictarum
642 2675 914 2756 configurationem
930 2678 1055 2740 effectus
1068 2681 1222 2760 apparuit,
1242 2683 1311 2743 lon·

169 2783 238 2860 gius
259 2779 385 2862 quidem
409 2777 524 2840 durans
547 2776 688 2842 videlicet
708 2780 818 2860 pestis:
848 2779 972 2842 tandem
1000 2784 1149 2864 reliquiae
1177 2784 1312 2863 adustae,

169 2903 231 2945 non
251 2881 376 2964 quidem
395 2881 593 2962 putrefactae,
612 2902 653 2942 ex
672 2883 757 2944 vario
776 2883 943 2943 humorum
968 2904 1077 2961 genere
1096 2887 1197 2963 hunc,
1219 2907 1313 2970 quem

170 2985 312 3065 gallicum
331 2984 475 3045 morbum
496 2982 641 3062 dicimus,
668 2985 848 3059 afferentes,
868 3006 949 3066 quae
970 3007 1118 3066 apparere
1136 2990 1312 3070 inceperant

170 3089 287 3157 circiter
307 3085 500 3150 decennalem
518 3087 741 3150 revolutionem
762 3087 898 3150 Seruum
918 3087 951 3147 in
972 3088 1082 3164 ariete,
1110 3093 1243 3168 quaein
1265 3104 1314 3153 ter

170 3205 291 3254 centum
318 3191 407 3252 annis
426 3213 512 3254 suam
531 3188 695 3272 periodum
726 3193 855 3272 explens
880 3210 1001 3271 semper
1029 3190 1228 3250 mutationem
1254 3193 1313 3252 mi·

169 3294 297 3354 rabilem
316 3293 372 3354 toti
391 3293 485 3355 infert
506 3291 632 3357 mundo.
682 3290 772 3356 Unde
805 3291 839 3355 fir
857 3293 1024 3355 humorum
1050 3309 1225 3371 grossorum
1248 3312 1313 3352 me·

170 3392 409 3464 lanclrolicorum
430 3396 583 3470 generatio
605 3408 636 3456 st
643 3396 827 3475 phlegmatis
847 3393 980 3457 cruditas
1001 3395 1042 3456 ob
1061 3393 1201 3455 servum
1223 3400 1313 3450 nater·

170 3492 482 3554 ram²cumlllsnr1s
503 3493 642 3556 dominio
663 3493 837 3558 adurentis:
864 3500 979 3578 quibus
1000 3495 1138 3572 duobus,
1167 3506 1312 3574 tanquam

171 3607 297 3656 naturae
318 3593 469 3653 humanae
490 3595 618 3655 summis
636 3597 794 3671 hostibus,
822 3599 914 3656 simul
941 3599 1126 3676 complexis,
1154 3615 1210 3656 sua
1229 3594 1315 3652 inva-

171 3700 299 3759 lescente
318 3692 439 3755 homini
458 3690 595 3756 adversa-
609 3703 736 3768 aatura,
766 3697 895 3755 calorem
928 3699 1097 3757 naturalem
1132 3707 1162 3755 et
1188 3691 1316 3771 spiritus

172 3795 326 3875 deiiciunt,
345 3797 487 3860 virtutem
508 3795 669 3874 regitivam
691 3808 900 3876 prosternunt,
921 3818 983 3859 non
1004 3811 1159 3878 potentem
1185 3796 1315 3877 dirigere

170 3901 332 3975 humores,
352 3910 387 3960 ut
408 3907 507 3961 essent
525 3896 721 3958 convertendi
751 3897 783 3958 in
806 3898 1005 3960 substantiam
1034 3900 1100 3960 aliti
1121 3919 1179 3978 pro
1201 3901 1316 3965 maiore

172 4013 258 4081 parte
279 4002 343 4078 sui,
373 3998 427 4064 sed
447 3968 553 4081 pind
572 4001 652 4062 mala
674 4001 821 4084 qualitate
842 4001 959 4077 affecti,
981 3999 1067 4062 crudi
1090 4015 1119 4062 et
1139 3999 1240 4063 adusti
1261 4023 1316 4062 ex-

172 4102 354 4180 cluduntur,
385 4105 497 4167 siulla
515 4103 557 4167 sit
584 4116 709 4166 naturae
730 4104 776 4167 vis
796 4104 916 4164 relictae
948 4102 1033 4186 quod
1055 4102 1180 4186 quidem
1202 4104 1233 4163 in
1257 4105 1316 4166 boo

107 4198 110 4203 ¹
172 4207 282 4270 morbo
302 4207 416 4271 iactum
436 4220 481 4270 oet
501 4229 540 4271 ex
560 4210 752 4289 praevalente
772 4207 990 4288 benignissimo
1018 4205 1130 4285 sidere,
1164 4207 1316 4268 humanae

174 4323 300 4374 naturae
323 4311 431 4389 emico,
451 4313 538 4390 lore,
556 4312 648 4375 vitam
669 4311 1012 4396 bumanam(quautum
1029 4323 1105 4374 esset
1118 4331 1157 4372 ex
1177 4305 1223 4390 se)
1244 4327 1314 4388 per·
