2806 4800
675 234 752 305 258

125 442 222 506 quens
243 421 308 483 eius
325 420 481 484 materiam
503 421 603 481 solum
616 432 713 483 atram
736 421 828 481 bilem
851 438 903 481 seu
928 420 1137 482 melancoliam
1152 442 1280 484 assent·

123 527 192 602 isti,
211 525 243 584 in
265 526 349 585 cuius
371 525 490 603 signum
513 520 634 583 dicebas
655 534 684 584 te
706 534 844 601 aegrotos
865 535 936 584 tuos
957 545 996 584 ex
1014 525 1112 604 capite
1129 521 1171 585 de
1187 527 1278 604 lepra

124 650 237 691 carrara.
282 627 505 706 eastigavimus
526 626 610 686 bunc
631 644 766 687 errorem
787 637 822 685 ut
843 627 1052 705 experimento
1073 622 1138 709 (eui
1165 646 1277 688 omnes

124 729 233 793 cedunt
254 729 399 815 rationes)
416 730 612 805 contrarium,
634 730 894 809 probavimusque
904 730 1081 790 auctoritate
1091 730 1275 790 Arrornnar.

123 838 212 900 tertia
232 844 361 919 quarto,
381 844 509 893 tractatu
530 832 638 909 tertio,
659 831 793 911 capitulo
814 831 934 910 primo,
955 832 1130 903 materiam,
1151 829 1275 913 deque

123 943 209 1021 lepra
229 936 400 1010 conficitur,
420 934 629 995 melancoliam
659 953 723 994 esse
743 934 947 1011 congelatam,
969 953 1031 994 non
1061 935 1273 1013 putrefactam.

125 1045 193 1118 Tu,
222 1052 256 1101 ut
283 1035 425 1102 evaderes
452 1051 515 1100 tam
553 1036 730 1098 manifestae
761 1035 961 1114 ignorationis
991 1037 1276 1114 reprehensionem,

124 1145 338 1208 diverticulum
354 1143 498 1223 quaesisti
518 1154 547 1203 et
568 1143 628 1203 hoc
646 1142 741 1204 verbo
761 1137 800 1199 de
820 1140 946 1200 materia
958 1139 1063 1222 qttoad
1081 1158 1204 1201 musam
1216 1161 1272 1200 an·

124 1245 309 1311 secedentem
331 1267 393 1308 non
415 1246 604 1309 coniunctam
620 1265 693 1307 usus
707 1265 749 1306 es.
792 1241 974 1307 Oerrorum
996 1242 1162 1325 interpres!
1183 1243 1272 1327 qrtod

124 1352 204 1413 enim
227 1350 416 1430 expositores
436 1360 466 1409 et
486 1344 612 1429 qtridem
641 1366 765 1420 omnes,
796 1346 894 1407 bonos
923 1346 1118 1425 praesertim,
1147 1347 1272 1410 nonde

124 1474 212 1516 causa
233 1448 427 1513 antecedente
449 1446 496 1532 (ut
518 1445 636 1532 fingis),
666 1446 720 1510 sed
741 1446 779 1509 da
800 1449 960 1509 conitmcta
987 1446 1066 1509 illud
1089 1451 1271 1513 Avrcaaaar

124 1566 264 1636 oporteat
285 1553 489 1632 interpretari,
512 1552 555 1613 ita
576 1549 713 1614 ostendo.
758 1552 958 1631 Exploratum
973 1565 1017 1614 est
1035 1565 1129 1634 atque
1141 1566 1272 1629 certum,

124 1677 244 1719 cattsam
265 1652 489 1716 antecedentem
502 1653 626 1714 Ganrao
638 1653 728 1714 tertio
742 1654 844 1713 techni
865 1655 945 1713 banc
965 1672 1039 1729 esse,
1058 1675 1153 1734 quam
1174 1659 1274 1736 aegri·

124 1758 200 1822 tudo
221 1759 308 1840 sequi
330 1770 401 1836 apta
423 1769 495 1818 nata
517 1769 577 1818 est:
608 1756 663 1817 ubi
688 1769 790 1818 autem
811 1756 989 1817 melancolia
1011 1759 1165 1836 congelata
1186 1779 1275 1838 sper·

124 1865 207 1945 gitur
226 1862 259 1921 in
280 1872 346 1922 toto
365 1880 509 1940 corpore,
536 1858 639 1921 subito
661 1878 734 1919 mox
756 1871 786 1920 et
806 1859 872 1919 aine
899 1858 1127 1938 putrefactionis
1156 1863 1274 1940 praesi-

124 1963 176 2027 dio
195 1978 342 2046 tauquam
363 1963 409 2023 illi
430 1964 589 2024 coniuncta
609 1973 825 2042 praesentanee
845 1959 931 2021 adest
950 1963 1045 2039 lepra.
1099 1961 1169 2024 Nisi
1190 1962 1273 2027 dicas

125 2068 203 2128 forte
222 2088 262 2127 ex
283 2087 363 2128 nova
384 2066 572 2146 professione
594 2065 788 2143 astrologica,
809 2062 894 2146 quod
916 2062 1067 2146 quaedam
1089 2065 1276 2130 interveniat

124 2169 312 2233 constellatio
334 2181 362 2229 et
390 2169 506 2228 occulta
532 2169 577 2229 vis
607 2166 761 2241 siderum,
794 2188 875 2248 quae
907 2179 1028 2246 praeter
1054 2170 1101 2229 rei
1131 2167 1274 2231 ordinem

124 2269 339 2347 congelationis
359 2269 590 2347 impressionem
624 2270 663 2328 ab
686 2281 754 2329 actu
778 2267 942 2347 stupendat
960 2268 1187 2353 impediatque,
1211 2294 1272 2356 qtta

123 2381 239 2431 remota
261 2368 384 2428 effectus
412 2369 502 2450 sequi
530 2388 591 2429 non
612 2371 717 2449 possit.
772 2372 930 2432 Praeterea
959 2371 1037 2434 sicut
1065 2375 1270 2452 putrefactum

124 2492 188 2534 esse
209 2470 404 2531 melancoliae
424 2471 457 2531 in
478 2484 542 2532 toto
563 2492 689 2551 corpore
711 2485 756 2533 est
776 2493 865 2535 causa
893 2475 1052 2537 coniuncta
1080 2476 1176 2539 febris
1204 2498 1266 2538 me-

123 2572 295 2648 lancolicae,
317 2593 378 2654 qua
398 2574 507 2635 scilicet
528 2575 626 2654 posita
647 2576 776 2654 ponitur
796 2589 827 2638 et
846 2578 941 2639 febris
955 2579 1033 2658 ipsa,
1053 2578 1270 2666 (interroganti

123 2697 273 2759 namque,
295 2696 390 2757 quare
409 2677 436 2738 is
457 2677 548 2738 febrit
568 2678 647 2738 febri
668 2691 835 2759 quartana,
861 2679 1097 2761 respondemus,
1124 2685 1200 2766 quia
1222 2705 1271 2745 oa·

123 2782 184 2842 lori
204 2780 336 2840 naturali
356 2777 478 2840 additus
500 2792 545 2842 est
573 2794 717 2842 externus
739 2784 821 2843 calor
848 2803 887 2843 ex
917 2785 1086 2863 putrefacto
1112 2806 1178 2848 esse
1206 2808 1270 2848 me·

124 2878 283 2965 laucoliae)
304 2882 346 2941 ita
367 2878 405 2940 ad
427 2884 617 2961 congelatum
641 2903 705 2944 esse
727 2885 923 2945 melancoliae
947 2887 1013 2947 sine
1035 2889 1146 2969 quovis
1168 2888 1272 2953 medio

125 2985 251 3048 numine
272 2984 398 3064 ponitur
419 2995 448 3045 et
469 2983 553 3047 adest
574 2987 671 3065 lepra,
692 3006 761 3046 cum
784 2998 947 3069 utramque
966 2990 1043 3068 pari*
1057 3011 1148 3070 passu
1170 3007 1202 3056 et
1223 2996 1274 3055 in·

124 3086 229 3151 cedere
251 3099 280 3148 et
308 3084 423 3148 iudicio
456 3088 549 3148 simili
580 3086 689 3150 discuti
718 3085 830 3149 debere
852 3090 1010 3152 Avrcnrna
1038 3093 1156 3155 innuat.
1210 3095 1272 3157 Vel

125 3190 173 3254 dic
193 3192 343 3254 rationem
365 3188 567 3267 diversitatis,
589 3213 684 3274 quare
706 3191 744 3253 ad
760 3213 824 3256 esse
842 3195 946 3274 leprae
964 3197 1111 3277 opinione
1131 3210 1186 3258 tua
1208 3212 1272 3260 tam

125 3293 303 3372 congelatio,
325 3314 416 3374 quam
439 3296 620 3375 putrefactio
632 3297 828 3358 melancoliae
848 3301 1014 3361 necessaria
1033 3301 1089 3379 sit3
1110 3305 1176 3364 sola
1198 3326 1273 3367 vero

125 3395 306 3475 putrefactio
331 3416 388 3474 pro
410 3397 616 3459 concinnanda
639 3399 719 3460 febri
739 3412 888 3481 quartana
910 3399 1060 3463 sufficiat?

213 3500 326 3573 titana,
350 3501 447 3560 bethor
464 3515 490 3562 et
509 3505 637 3585 pustulas
659 3501 808 3584 ffcitetc.
831 3538 873 3549 —
917 3503 1130 3586 ecquomodo
1152 3511 1271 3570 contin·

126 3603 186 3684 git,
208 3596 293 3682 quod
316 3597 452 3664 diversos
473 3604 585 3683 gradus
614 3608 717 3687 leprae
738 3618 859 3687 praeter
878 3607 954 3683 hoc,
986 3606 1072 3688 quod
1093 3628 1184 3672 causa
1205 3612 1269 3673 eius

124 3705 282 3769 coniuncta
302 3716 472 3784 putrescat,
502 3708 610 3789 nequis
641 3704 833 3786 intelligere?
875 3707 954 3769 Nam
984 3710 1062 3771 sicut
1092 3711 1264 3772 melancolia

123 3812 155 3871 in
177 3809 226 3872 sui
246 3806 336 3869 initio
356 3828 374 3868 a
395 3807 508 3888 frigido
529 3813 687 3890 coagulata
715 3810 837 3872 difficile
858 3813 1003 3891 putrescit
1023 3825 1136 3893 quarto
1156 3823 1267 3874 meteo-

123 3930 244 3986 rorum,
275 3911 319 3972 ita
339 3910 378 3970 ab
398 3910 466 3992 ipso
488 3934 613 3997 quoque
634 3915 789 3993 congelata
809 3914 909 3975 rarius
935 3915 985 3977 vel
1007 3932 1184 3996 nunquam:
1215 3911 1269 3977 sed

124 4010 203 4072 nibil
223 4014 339 4092 minus,
360 4035 523 4101 quousque
544 4020 576 4080 in
598 4021 720 4100 leproso
744 4015 863 4098 aliquid
884 4018 984 4080 vitalis
1007 4017 1128 4081 humidi
1148 4038 1272 4081 reman-

124 4111 211 4186 serit,
231 4130 360 4192 possunt
381 4122 519 4198 generari
539 4141 594 4200 per
616 4121 713 4181 victus
726 4119 876 4180 rationem
889 4132 918 4181 et
936 4120 996 4180 alia
1016 4122 1272 4183 novasmateriae

124 4220 153 4272 et
173 4216 413 4294 superfluitates,
440 4219 521 4283 uude
544 4218 730 4304 quandoque
758 4221 865 4298 febris,
894 4218 1083 4305 quandoque
1104 4223 1220 4285 ambies
1242 4237 1272 4285 et

124 4315 248 4388 botbor,
271 4314 292 4375 i.
314 4338 340 4377 e.
362 4324 503 4398 pustulae
524 4323 693 4399 ulcerosae,
727 4320 885 4399 accidunt,
916 4344 997 4406 quae
1025 4326 1075 4385 vel
1102 4323 1271 4387 accidentia
