2806 4800
727 185 777 259 64

187 371 305 437 curatam
319 386 372 435 est.
412 375 535 443 Interim
551 396 648 458 quum
668 377 742 437 haec
762 376 861 455 prima
881 378 1003 456 pustula
1027 376 1169 438 amolitur
1191 381 1240 441 vel
1259 401 1318 459 per

186 479 376 559 semetipsam
398 479 554 553 evanescit,
573 479 648 540 aliae
670 479 846 541 innumerae
862 500 917 559 per
937 493 1033 557 toturn
1056 498 1165 560 corpus
1185 482 1219 541 iu
1239 489 1317 555 cutis

185 584 355 645 summitate
377 595 562 661 erumpunt,
581 582 616 641 in
636 603 671 642 ea
691 602 787 661 paene
806 582 968 662 multiplici
988 582 1104 662 specie,
1127 605 1190 664 qua
1211 587 1317 651 Gallos

185 688 491 777 superiusoccupatos
513 687 604 759 luisse
623 687 769 749 recensui.
809 688 853 749 In.
866 688 1066 749 melancolicis
1078 686 1202 769 quidem
1223 711 1317 765 nauso

185 793 311 870 ambigit
343 788 535 868 grandiores,
565 789 749 870 putridiores
775 791 1014 874 ,foetidioresque
1035 795 1150 870 suasu,
1185 815 1272 875 quae,
1286 809 1317 859 et

183 914 309 975 prorsus
329 894 433 970 nigrae
455 905 484 954 et
504 894 625 955 scabrae
645 897 778 957 eatistunt
798 908 925 976 propter
944 910 1044 958 atrum
1066 898 1239 973 humorem,
1259 899 1317 980 qui

184 1000 245 1059 alta
273 996 410 1074 congerie
438 996 598 1075 putrefacti
634 997 789 1076 sanguinis
821 997 1085 1080 inflammataeque
1121 1003 1239 1063 colerae
1275 999 1317 1063 ad

184 1112 296 1166 tantam
315 1098 452 1159 illuviem
479 1119 497 1157 a
518 1111 627 1158 natura
658 1121 698 1161 ex
720 1101 798 1165 vitae
826 1097 987 1171 domiciliis
1012 1099 1052 1162 ad
1073 1103 1225 1165 exteriora
1244 1105 1319 1182 pul-¹

185 1226 245 1277 sus,¹
258 1202 401 1280 exsurgit.
444 1200 508 1263 Nec
528 1203 657 1262 misltum
678 1203 811 1267 minores
840 1205 872 1265 in
900 1205 1076 1279 hominibus
1104 1207 1222 1269 biliosis
1252 1227 1318 1267 cer·

183 1319 309 1386 nugatur,
330 1304 444 1387 quippe
466 1301 504 1363 ad
518 1301 668 1364 discorum
683 1305 880 1385 quantitatem
895 1305 1060 1388 aliquando
1082 1305 1234 1382 accedunt,
1257 1308 1318 1389 niqi

123 1410 127 1416 “
185 1407 269 1492 quod
290 1408 348 1467 hae
370 1403 506 1495 duriores
527 1418 613 1480 suut,
628 1407 803 1485 subnigrae
832 1420 861 1468 et
881 1408 992 1484 siccae,
1025 1422 1122 1471 cutem
1148 1398 1318 1491 mirum*

185 1509 311 1573 sinodum
335 1521 472 1582 aetantes
490 1520 617 1588 propter
640 1509 767 1571 nimiam
796 1510 903 1570 caloris
932 1509 1167 1586 abundantiam,
1199 1513 1321 1593 colepae

184 1614 322 1685 videlicet
349 1615 383 1675 in
405 1613 548 1694 qualitate
577 1632 747 1687 excessum,
776 1634 859 1692 'quae
883 1611 1040 1692 putridum
1069 1615 1248 1694 sanguinem
1273 1616 1316 1687 ita

183 1718 352 1794 tumefecit,
380 1714 464 1798 quod
489 1717 556 1796 ipsa
582 1728 660 1778 tosta
689 1715 841 1793 scabrities
874 1718 953 1779 nihil
973 1717 1165 1781 humiditatis.
1189 1716 1315 1791 reddere

184 1835 290 1904 potest.
334 1815 382 1883 Ob
404 1817 437 1878 id
458 1819 605 1898 patientes
627 1818 744 1896 magnis
765 1818 945 1881 cruciatibus
966 1840 1029 1881 non
1050 1821 1154 1897 aliter,
1176 1823 1317 1909 quamsi

183 1925 274 1997 torris
295 1924 356 1995 cuti
376 1919 630 2011 admotusesset,
657 1919 840 1993 afficiuntur.
882 1923 937 1985 Ast
955 1921 1030 1984 istae
1051 1921 1161 1985 uvidae
1181 1926 1314 1987 subucu-

184 2034 248 2107 las,
267 2030 316 2101 ¹uel
336 2047 398 2109 quo
421 2027 490 2106 *alio
508 2026 630 2107 nomine
652 2036 797 2087 vocantur
817 2025 897 2085 lium
926 2023 1121 2102 indumenta,
1147 2024 1314 2117 immundo,

185 2133 281 2199 tenaci
302 2143 331 2192 et
353 2131 469 2192 viscosa
489 2131 610 2211 liquore
640 2131 743 2189 crebro
766 2129 955 2205 humectant,
983 2130 1059 2193 sicut
1087 2129 1187 2210 omnis,
1205 2128 1313 2207 sudor,

185 2256 277 2321 quem
308 2234 357 2294 his
388 2233 486 2293 morbi
515 2234 670 2312 speciebus
701 2231 803 2291 infecti
832 2232 990 2308 emittunt,
1030 2234 1147 2313 glutino¹
1171 2235 1314 2312 proxime

185 2339 377 2401 assimilatur.
425 2337 459 2395 ln
482 2357 542 2415 qua
562 2355 595 2394 re
615 2335 673 2407 liae
694 2334 778 2413 ipsae
810 2336 921 2414 ¹species
942 2355 1046 2398 omnes
1072 2337 1257 2400 corsveniuut
1285 2352 1317 2401 et
1369 2410 1373 2417 Ι

182 2446 218 2527 in
240 2463 292 2517 eo,
311 2437 400 2522 ,quod
420 2439 518 2500 omnis
537 2458 645 2517 psora,
672 2459 764 2519 quam
786 2451 894 2500 natura
915 2439 974 2500 hoc
989 2437 1081 2515 modo
1103 2441 1193 2513 etiam
1207 2441 1245 2519 ¹¹in
1267 2442 1316 2521 pi·

186 2545 304 2617 tuitosis
333 2556 362 2605 et
384 2541 554 2620 sanguineis
584 2539 623 2605 ad
645 2543 777 2622 corporis
800 2543 1001 2605 extremitates
1024 2543 1134 2623 egerit,
1166 2545 1199 2605 in
1220 2543 1318 2624 capite

186 2647 225 2711 ad
245 2643 434 2726 nigredinem
454 2656 545 2724 atque
566 2640 708 2705 duritiem
727 2644 841 2723 vergit,
873 2643 941 2704 licet
961 2643 994 2703 iu
1014 2645 1175 2726 plerisque,
1188 2648 1319 2723 albescat

186 2754 370 2832 mollemque
389 2761 485 2827 cutem
505 2747 577 2825 sorti
597 2747 688 2807 tactui
708 2746 834 2827 offerat,
877 2748 994 2808 Tamen
1016 2744 1049 2806 id
1070 2767 1140 2809 raro
1153 2751 1320 2831 ¹‚contiugib

271 2854 427 2927 Differupt
448 2864 547 2921 autem
567 2848 732 2911 secundum
753 2871 916 2929 corporum
937 2851 1180 2933 constitutiones,
1206 2855 1319 2937 humo·
1340 2889 1343 2892 ·

187 2979 257 3021 rum
278 2958 468 3035 varietatem,
489 2954 702 3035 quantitatem,
730 2954 922 3034 qualitatem,
951 2955 1170 3017 immanitatem
1191 2971 1226 3027 et
1241 2960 1321 3025 leni.

187 3075 288 3136 tatem,
309 3059 382 3142 quia
397 3056 591 3139 phlegmatici
610 3057 705 3116 multo
727 3056 824 3116 lenius
849 3070 876 3117 et
898 3059 1073 3136 clementius
1092 3080 1112 3121 a
1124 3060 1229 3141 scabie
1246 3083 1318 3131 mo·

186 3144 349 3243 laetantur,
365 3185 449 3246 quae
469 3163 502 3223 in
524 3161 565 3222 eis
587 3180 651 3221 non
673 3171 717 3221 est
738 3172 800 3220 tam
823 3159 962 3243 grandis,
975 3236 978 3241 Ι
993 3163 1097 3223 crebra
1125 3163 1186 3245 uel¹
1202 3185 1320 3245 aspera,

187 3290 286 3350 neque
306 3281 368 3329 tam
382 3342 384 3347 ι
398 3262 521 3331 sordido
549 3266 669 3346 liquore
696 3265 790 3325 lintea
818 3276 847 3324 et
872 3260 1050 3329 vestimenta
1076 3265 1184 3339 inficit:
1217 3265 1321 3348 digitis

189 3383 266 3430 certe
286 3360 491 3449 pauxillulpm
513 3387 680 3446 compressa
700 3377 826 3444 propter
846 3367 974 3447 pituitae
996 3367 1181 3431 affluentiam
1199 3370 1320 3452 ¹lauatio·

188 3493 253 3533 rem
268 3450 581 3546 ,candiduniexpuin
603 3469 657 3551 qui
676 3489 775 3551 neque
796 3470 992 3548 patientibus,
1012 3493 1112 3553 neque
1131 3473 1199 3551 aliis
1221 3474 1320 3547 visen·

188 3578 270 3638 tibus
285 3593 435 3651 ¹magnum
457 3573 616 3647 horrorem
637 3572 741 3631 iniicit.
784 3571 832 3633 Sic
854 3573 1010 3653 sanguinei
1030 3574 1247 3639 suammolem
1260 3593 1317 3650 pa·

192 3680 313 3743 tientius
335 3679 452 3753 ferunt,
467 3696 498 3737 se
519 3675 600 3754 ipsos
613 3672 713 3737 rident
733 3666 986 3757 subsannantque,
1008 3694 1103 3757 quum
1123 3674 1156 3733 in
1171 3671 1319 3735 conviviis

194 3808 233 3850 ex
249 3780 443 3865 madentibus
469 3779 618 3854 verrucis,
650 3779 763 3843 saniem
794 3801 847 3853 sua
879 3791 984 3863 sponte
1015 3773 1257 3853 effundentibus,
1286 3777 1320 3837 in

197 3909 312 3951 mensas
334 3885 471 3964 colligere
491 3885 602 3945 solent:
638 3884 697 3946 hoc
715 3885 815 3945 solum
836 3884 1002 3947 molestiam
1022 3882 1127 3958 affert,
1159 3875 1245 3963 quod
1266 3899 1320 3941 ve·

195 3994 334 4054 stimanta
355 3987 408 4051 diu
430 4002 580 4070 noctuque
601 3989 659 4048 hoc
678 3990 745 4068 ipso
765 3989 1034 4070 saniosolrumore
1055 3983 1185 4049 madent.

282 4098 329 4157 Ex
350 4095 461 4174 quibus
480 4093 593 4174 liquet,
620 4089 698 4151 illud
731 4112 855 4152 saevum
883 4114 978 4171 genus
1009 4091 1108 4153 morbi
1136 4089 1170 4151 in
1193 4099 1326 4170 quatuor

198 4199 361 4278 peculiares
382 4198 508 4277 species,
528 4213 605 4275 quae
626 4193 657 4253 in
681 4193 846 4275 quantitate
868 4207 897 4255 et
918 4197 1003 4256 omni
1024 4193 1203 4277 qualitatum
1224 4188 1326 4271 dispo·

200 4305 305 4366 sitione
338 4324 354 4362 a
380 4302 484 4373 ceteris
512 4297 719 4378 pustularum,
735 4315 943 4365 uerrucarum
973 4309 1002 4359 et
1036 4297 1146 4358 scabiei
1172 4294 1327 4376 speciebus
