2806 4800
656 249 735 321 300

129 445 240 511 temen,
256 430 340 495 utda
358 448 440 496 noro
457 433 581 497 mutiret
601 446 633 497 et
648 436 756 497 morbo
777 435 1016 516 extingueretur.
1058 435 1266 514 Qnidnoetrit
1396 486 1399 491 -

128 536 316 615 temporibus
335 536 446 611 evenit,
464 536 561 598 oculit
579 539 681 600 cernit
700 537 811 600 derint
828 540 910 600 tolet
929 537 984 601 ted
1006 540 1083 618 hau,
1103 541 1213 606 eccidit
1232 546 1266 606 in
1395 548 1398 573 '

127 643 186 704 hoc
195 641 312 718 morbo,
332 652 367 702 ut
380 639 523 723 cuiquam
532 659 566 701 te
585 639 743 720 profitenti
755 638 874 703 medico
886 643 987 705 ttrtim
996 642 1148 721 medetur,
1167 668 1267 730 quum

126 758 228 808 temen
247 745 286 806 tit
306 743 505 825 periculotior
524 744 628 806 nullut
650 757 680 808 et
699 745 734 805 io
755 745 840 806 nulla
861 764 897 806 na
916 745 1036 808 homini
1064 748 1268 826 perimlotior

127 846 325 910 menducium.
373 847 502 909 Ditcunt
521 847 668 928 peritum
693 847 807 911 notuit
827 858 858 911 et
873 869 935 928 per
953 848 1164 929 experimenta
1181 874 1269 918 mor·
1395 886 1398 939 ᾗ

125 963 171 1014 tet
189 962 301 1030 augent
320 962 353 1012 et
369 950 496 1031 impona
517 952 659 1015 hominen
680 950 831 1014 occidunt.

144 1098 148 1105 -
212 1055 263 1118 De
285 1076 358 1118 core
377 1067 479 1116 autem
498 1055 593 1117 huius
612 1056 729 1134 morbi,¹
745 1076 843 1139 qoam
863 1059 1026 1140 multiplex
1041 1061 1092 1137 tit,
1115 1061 1268 1142 multipli·
1398 1126 1401 1145 4

126 1176 191 1220 cem
214 1155 341 1221 modum
368 1154 496 1220 mmndi
522 1157 667 1237 exigerat.
717 1159 787 1220 Hoc
815 1173 918 1223 tutem
944 1163 1012 1227 tine
1039 1166 1136 1226 multe
1162 1165 1268 1244 operit

124 1261 301 1343 [mihim
320 1261 417 1324 hm
437 1279 500 1323 Μ
520 1280 667 1342 imum>
694 1261 796 1344 fitque
815 1275 957 1327 ammte
990 1278 1093 1328 nottra
1119 1267 1268 1344 rhenum,
1395 1252 1398 1299 Ῑ

125 1386 223 1450 quum
251 1365 430 1428 hretimime
463 1363 583 1448 aliquid
611 1363 650 1427 de
679 1385 717 1427 eo
741 1366 851 1428 morbo
884 1380 1014 1432 tractore
1037 1368 1268 1450 propotuimut.

124 1469 252 1548 Singula
286 1467 376 1529 etiem
415 1470 609 1548 puttultrum
640 1488 751 1548 genem
784 1469 904 1549 tinguit
929 1469 1148 1535 medimmcntt
1175 1471 1268 1536 edhi-
1396 1456 1398 1477 ¹

125 1569 332 1648 hendecurt,
367 1590 448 1653 qute
472 1571 600 1633 tacitura
624 1590 689 1633 non
717 1569 810 1633 modo
841 1574 989 1653 longum,
1015 1572 1070 1636 ted
1098 1587 1129 1637 et
1156 1596 1267 1657 tuper-

125 1696 273 1753 pecuum,
291 1695 388 1757 quum
408 1676 500 1756 plene
520 1687 593 1738 tunt
610 1675 751 1737 omniunt
771 1674 959 1741 medicorum
978 1679 1149 1767 volumine.
1187 1679 1268 1743 Pro·

125 1782 211 1844 tinet
238 1791 339 1842 autam
377 1791 413 1841 ut
441 1779 624 1858 generaliter
657 1781 839 1863 loqmmnrt
877 1782 933 1844 uhi
962 1794 994 1845 te
1021 1783 1196 1862 agini-tun
1210 1803 1265 1844 tou

124 1885 308 1949 maculatum
335 1881 429 1943 huiut
461 1882 563 1944 morbi
591 1883 661 1944 labe
699 1883 805 1959 tentit,
834 1883 915 1945 inter
943 1884 1032 1946 initio
1057 1885 1182 1965 tinguit
1213 1906 1265 1948 co·

124 1989 212 2072 pioac
230 1986 394 2049 minuatur
423 1986 634 2066 phlebotomia
661 1999 692 2049 et
725 1987 868 2050 tentorio.
928 1989 1047 2053 Primo¹
1065 1987 1206 2073 quidem·
1225 1987 1265 2052 de

124 2091 210 2158 venit
237 2088 465 2164 communibus,
499 2101 574 2169 potr
602 2087 691 2168 nigro
716 2108 772 2150 teu
800 2109 880 2172 quet
905 2101 1004 2152 totum
1030 2110 1141 2172 corput
1164 2093 1265 2173 retpi·

127 2197 229 2273 ciunt,
255 2191 365 2257 deinde
386 2193 473 2256 venit
491 2192 697 2274 propinquius
718 2205 820 2273 partet
846 2196 1012 2255 mtcultttt
1030 2195 1264 2274 respicientium

124 2298 303 2379 ttnguincm
324 2297 446 2378 copiote
466 2297 608 2372 extrahe,
636 2293 664 2355 ti
683 2292 774 2370 tetur,
795 2295 893 2357 virtut
914 2295 1176 2378 atqnehahitudo
1196 2319 1265 2362 cot*

125 2403 211 2485 poria
233 2401 414 2480 permiserit.
456 2396 577 2461 Deinde
597 2399 729 2460 oliorum
742 2400 910 2461 humorum
921 2398 1142 2462 abundatiam
1164 2416 1191 2466 et
1209 2424 1261 2465 tu·

124 2504 312 2588 perfluitatet
332 2504 426 2565 totiut
446 2504 581 2583 corporit
600 2503 736 2582 propriit
761 2501 985 2566 medimmertit
1011 2505 1120 2567 crabro
1149 2526 1260 2586 expur-

124 2629 211 2690 gere,
232 2628 301 2670 cum
320 2609 448 2670 morbus
463 2607 503 2670 tit
523 2605 697 2681 chronicot,
718 2625 781 2666 non
803 2604 1071 2685 comedentem,
1090 2607 1144 2670 tad
1165 2609 1264 2690 pluri·

125 2717 184 2779 bne
203 2712 619 2792 evacuationibutihdigant.
661 2711 699 2773 Et
719 2710 882 2792 praecipue
894 2712 1018 2773 cholera
1028 2711 1124 2791 nigre
1138 2724 1175 2774 et
1190 2731 1263 2773 ttn·

126 2819 234 2898 guitot
244 2820 383 2879 omnium
394 2819 560 2878 humorum
571 2813 918 2899 ndnttio(quumomnit
930 2812 1050 2876 adustio
1061 2815 1263 2878 tenanoeitati

124 2920 312 3005 perticipet),
341 2920 414 2982 item
435 2932 466 2981 et
486 2921 630 3000 phlegma
651 2919 763 2980 ealcum
788 2918 995 2999 appropriatit
1012 2916 1265 2991 medicemiuihut

123 3044 145 3086 a
156 3042 293 3104 'corpora
311 3044 386 3105 prae
405 3024 510 3086 ceterit
524 3020 710 3085 mundantur
729 3023 911 3102 mepittima.
955 3020 1075 3085 Deinde
1084 3021 1265 3086 reficiendae

127 3141 198 3192 eunt
216 3130 315 3191 viret:
344 3141 374 3192 ct
399 3126 543 3191 antidotia
563 3139 668 3191 cootm
688 3146 855 3189 penenotut
875 3139 905 3188 et
924 3126 1083 3206 copinotoe
1108 3126 1267 3206 unguinis

125 3251 255 3312 vaporat
283 3245 368 3294 utere
393 3233 552 3314 frequent,
588 3227 765 3306 metridate,
785 3230 919 3312 tyriaca,
948 3225 1002 3290 ted
1024 3240 1058 3290 et
1083 3227 1276 3313 palperibus·

123 3334 310 3398 *cordialibus
322 3349 359 3398 et
380 3334 566 3398 bezotrdieie
586 3352 807 3416 nonnunquam
830 3332 999 3413 permixtis.
1042 3327 1267 3394 Deindtctiam

127 3436 190 3501 t'uit
210 3435 421 3501 sudationibus
441 3439 613 3502 evocandut
632 3451 678 3501 att
696 3458 801 3517 aeger,
830 3437 931 3499 frictio
952 3433 1142 3512 adhihenda,
1158 3432 1267 3496 mode

125 3538 320 3621 mniumque
343 3539 423 3600 inter
448 3543 524 3602 hece
544 3553 579 3602 ut
599 3541 678 3603 viret
699 3550 914 3601 conterventur
934 3557 1004 3600 cum
1024 3535 1198 3598 mmmm
1215 3557 1266 3599 re·

125 3645 300 3707 titteutibut
319 3643 533 3724 putrefactioni
553 3656 583 3706 et
603 3642 761 3708 venenotit
782 3642 932 3718 matariit,
954 3661 1016 3717 cor,
1035 3641 1134 3720 hepar
1153 3650 1263 3700 cetera·

127 3768 189 3832 quc
208 3747 346 3808 membro
368 3746 631 3823 confortantibut‚
652 3759 728 3826 putt
755 3746 964 3821 cinnamomo,
991 3761 1095 3818 croco,
1122 3735 1260 3814 candelis,

127 3852 236 3915 cortice
255 3851 332 3927 citri,
353 3871 441 3914 cucco
463 3852 537 3914 eiut.
571 3850 628 3913 'Ex
648 3852 710 3913 illit
719 3850 864 3912 confectio
884 3859 1095 3928 componatur,
1114 3843 1263 3926 aiphcet

127 3956 266 4036 Repletio
288 3954 442 4040 quaelibet
462 3969 493 4020 et
511 3957 636 4037 crepula
656 3953 836 4018 eremitat
857 3965 901 4015 ctt
923 3948 1058 4015 vittndt.
1110 3949 1206 4012 Gihut
1225 3947 1266 4010 tit

128 4055 216 4119 facile
232 4056 430 4138 digettibilit,
443 4061 524 4122 honi
543 4060 647 4142 chymi
673 4072 702 4120 et
724 4078 890 4138 paucarum
908 4055 1153 4137 tuperfluitctum
1175 4075 1268 4136 pane·

128 4159 260 4236 retitur,
280 4160 319 4223 td
341 4163 530 4244 temperiem·
547 4177 600 4225 tut
630 4160 669 4224 ad
690 4183 816 4243 paucam
844 4157 1058 4223 humiditatem
1087 4173 1119 4221 et
1145 4155 1269 4237 frigidi·

128 4272 220 4325 tttem
241 4260 411 4344 deelinant3
441 4266 527 4329 cibut
546 4264 718 4343 inflativut,
739 4263 871 4343 colidut,
891 4264 1014 4345 pinguit
1030 4274 1063 4326 et
1083 4263 1270 4344 glutinetur,

130 4365 264 4428 titcotut
284 4377 328 4428 eet
349 4365 526 4447 percandut.
546 4368 661 4431 ··1’otut
681 4365 855 4432 moderato·
875 4380 1051 4450 exputatum
1077 4367 1280 4431 vinnom--
