2806 4800
670 252 745 324 tto

138 451 173 504 ut
185 435 308 503 cadantt
330 449 360 502 ct
371 437 405 502 fit
417 435 449 500 id
463 458 530 500 oum
546 438 712 517 gemmet-is
724 437 746 500 i.
763 458 790 500 e.
804 457 872 499 cum
882 436 1049 499 linimeutis
1062 449 1092 500 et
1103 440 1280 518 tinguentis,

135 545 214 606 cirea
243 564 322 627 quae
350 540 477 605 notandi
508 553 580 603 sunt
609 540 709 624 aliqui
742 559 891 616 meones,
920 541 1013 620 positi
1044 562 1064 602 a
1095 539 1280 606 sasamon.

134 647 223 710 Unus
243 661 298 724 est,
318 659 354 709 nt
373 645 536 726 incipiatur
555 667 574 706 a
595 644 753 707 medicinis
773 643 941 719 debilibus,
968 644 1132 731 praecipue
1153 644 1280 728 quando

135 761 182 812 est
202 749 289 812 fortis
310 747 416 824 dolor,
437 744 546 807 deinde
570 745 718 826 gradatim
740 746 938 828 perveniatur
957 743 996 805 ad
1018 747 1121 809 fortia.
1163 748 1279 812 &cun-

135 848 193 914 dus
213 864 275 928 est,
296 847 381 933 quod
398 849 430 909 in
451 848 619 910 linimentis
639 859 761 929 oportet
783 868 888 910 cavere
917 868 936 907 a
968 848 1060 919 rebus
1082 847 1278 935 mordicanti·

134 954 192 1015 bus
213 943 251 1014 et‘
263 951 357 1013 acutis
376 938 526 1026 multum,
554 971 593 1012 ne
614 948 653 1011 ad
676 950 836 1012 acuitatem
857 949 997 1011 humoris
1018 951 1114 1027 acuti,
1132 953 1278 1015 venenosi

133 1048 247 1116 addant
267 1055 337 1135 plus
359 1049 397 1114 de
427 1051 556 1114 acuitate
584 1062 613 1114 et
644 1073 702 1132 per
728 1054 789 1115 hoc
818 1044 971 1125 attrahant
998 1052 1138 1116 materias
1166 1052 1206 1116 ad
1229 1054 1277 1117 lo-

134 1176 212 1217 cum.
255 1155 292 1217 Et
312 1152 399 1232 ideo,
420 1154 446 1217 si
467 1150 610 1218 ¹volumus
631 1156 678 1218 uti
699 1167 799 1231 aceto,
821 1157 864 1235 (et
887 1162 931 1215 est
951 1152 1059 1216 tertius
1081 1153 1192 1239 canon)
1213 1176 1275 1219 nou

101 1250 173 1320 ”sit
199 1267 317 1319 acetum
345 1255 411 1318 vini
437 1255 556 1335 soporis
585 1254 679 1332 acuti,
712 1255 787 1338 quia
816 1251 849 1314 id
878 1253 1012 1317 calefacit
1041 1257 1215 1318 membrum
1246 1270 1277 1319 e't

132 1459 270 1541 frigidat,
291 1458 414 1535 incidit,
436 1460 573 1522 subtiliat
594 1471 625 1520 et
646 1460 810 1536 confortat,
832 1469 863 1520 et
883 1459 922 1520 eit
943 1478 1016 1522 usus
1036 1459 1102 1523 eius
1123 1481 1192 1523 cum
1215 1458 1274 1522 mi-

131 1562 303 1639 neralibns,
324 1575 359 1625 ut
379 1560 462 1624 dicit.
559 1618 562 1623 .

215 1700 414 1782 Unguentum
435 1684 601 1762 Aroanomi
620 1696 779 1762 laudatum
804 1700 993 1763 aGsnmro.
1050 1702 1121 1765 Rea.
1139 1701 1273 1766 Cernsae

129 1791 423 1890 3r.litarg'iri3iii1.
454 1804 579 1866 sulfuris
599 1826 650 1888 gx.
684 1805 744 1866 olei
764 1825 904 1868 rosarum
937 1808 987 1868 vel
1009 1807 1143 1885 mirtini,
1171 1818 1273 1891 quan·

130 1923 196 1971 tum
217 1906 329 1970 sufficit
349 1927 407 1987 pro
430 1920 588 1987 unguento
609 1926 676 1969 cnm
698 1901 758 1994 ξβ.
785 1928 878 1969 cerae.
928 1907 1127 1988 Unguentum
1156 1910 1273 1973 Curre-
1298 1922 1303 1929 ’

130 2031 178 2073 ms
206 2011 281 2072 boni
311 2009 445 2072 effectus.
488 2010 559 2074 Rec.
591 2009 738 2089 Litargiri
758 2015 797 2093 31.
835 2016 957 2074 carneae
984 2012 1180 2092 tantundem,
1202 2017 1272 2089 ‚oli-

129 2115 202 2174 bani
229 2123 330 2196 partes
353 2113 460 2175 XXV.
489 2112 648 2174 ‘aluminis
686 2126 788 2194 partes
823 2114 911 2175 XVI.
953 2116 1141 2179 terbcntinae
1168 2120 1271 2198 partei

128 2215 233 2294 XXV.
270 2215 387 2296 piperis
418 2215 481 2275 albi
511 2228 613 2293 partes
641 2215 705 2292 viij.
751 2235 835 2276 cerae
864 2226 967 2294 partes
997 2217 1171 2279 XXXXX.
1198 2200 1271 2281 'olei

126 2317 294 2378 sextarium
316 2336 430 2390 unum,
450 2327 480 2375 at
499 2315 553 2377 fiat
574 2318 773 2392 unguentum.
815 2315 1016 2395 Unguentum
1038 2319 1211 2398 magistrale
1231 2317 1271 2381 de

127 2419 261 2480 olibano.
303 2418 373 2478 Rec.
397 2417 525 2478 Resinae
547 2415 679 2477 mundae
703 2409 771 2504 giij.
799 2438 920 2480 cernuae
940 2427 1000 2504 gvj.
1027 2422 1170 2483 aluminis
1200 2423 1270 2496 neti,

127 2517 246 2598 argenti
270 2518 333 2581 vivi
350 2518 496 2594 extincti,
516 2518 648 2597 litargiri
668 2538 727 2580 ana
747 2520 798 2603 3ij.
819 2521 920 2584 thuris
950 2524 1013 2585 albi
1034 2514 1078 2607 ξ5.
1110 2544 1180 2586 cum
1201 2525 1269 2585 oleo

126 2623 282 2684 communi
301 2621 354 2684 fiat
375 2632 583 2701 unguentum,
602 2622 636 2682 in
660 2642 724 2704 quo
744 2623 843 2706 aliqui
862 2623 980 2688 addunt
1001 2623 1040 2688 de
1059 2647 1147 2689 succo
1172 2625 1269 2706 lapati

125 2725 216 2786 acuti
229 2724 430 2786 'velaurantii
452 2721 511 2814 ξβ.
532 2725 581 2786 vel
603 2713 712 2804 parum
735 2726 820 2787 aceti.
863 2727 949 2789 Basia
970 2741 1015 2790 est
1035 2730 1210 2804 olibanum,
1230 2725 1269 2789 de

126 2844 190 2907 quo
209 2818 463 2886 'dicit'Amcsr'na
484 2821 616 2886 secundo
637 2845 761 2903 maone,
781 2826 919 2908 capitulo
939 2827 977 2891 de
989 2831 1127 2894 olibano:
1150 2840 1180 2890 et
1200 2846 1269 2890 cors

125 2928 197 2989 tices
218 2927 286 2989 eins
305 2925 381 2987 boni
410 2937 482 2986 sunt
511 2925 646 3004 uestigiis
673 2915 809 2990 ulcerum
841 2942 872 2993 et
898 2930 1057 2994 conterunt
1087 2952 1156 2994 cum
1184 2942 1269 2995 ac'eto

127 3026 156 3091 et
177 3025 250 3092 nleo'
265 3026 346 3111 liniti
367 3024 486 3105 dolori,
516 3027 572 3110 qni
596 3028 774 3092 nominatur
802 3033 1001 3111 compositus,
1035 3044 1067 3094 et
1094 3045 1141 3096 est
1168 3032 1268 3110 dolor,

126 3130 166 3196 eii
187 3152 251 3218 qno
273 3133 462 3215 proveniunt
478 3131 518 3193 in
548 3152 689 3213 corpore*
703 3133 780 3195 sicut
809 3154 953 3197 verrucae
980 3150 1048 3198 urm
1070 3135 1203 3220 quadam
1221 3156 1267 3213 re,

125 3244 205 3319 quae
224 3249 270 3300 est
292 3237 370 3300 sicut
390 3237 533 3300 formicae
548 3233 768 3299 deambulatio.
802 3237 893 3298 'Haec
907 3237 991 3317 ipse.
1020 3264 1023 3271 ·

210 3371 304 3432 Aliud
326 3373 498 3450 magistrale
517 3387 707 3454 unguentum
730 3373 768 3436 de
790 3376 880 3436 thure
902 3375 1008 3437 maius.
1057 3375 1128 3438 liec.
1150 3377 1268 3439 Thuris

125 3473 188 3534 ubi
203 3468 254 3558 ξιι
273 3472 424 3534 aluminis
452 3472 539 3549 neti,
554 3477 704 3554 litargiri,
732 3496 855 3539 cerusaa
880 3499 938 3538 ana
967 3469 1027 3561 ξβ.
1063 3480 1194 3540 masticis
1216 3482 1266 3560 gij.

123 3575 242 3655 argenti
260 3575 327 3638 viri
347 3575 473 3636 extincti
490 3577 554 3664 ξβ.
579 3577 767 3639 terbentinae
799 3591 830 3640 et
860 3579 977 3640 resinae
1000 3575 1186 3636 mundarum
1207 3599 1266 3637 ana

124 3671 200 3773 {iffi
227 3677 288 3738 olei
310 3676 495 3750 communis,
529 3690 679 3756 quantum
710 3677 833 3739 sufficit.
867 3679 952 3740 :Fiat
970 3682 1181 3753 unguentum,
1209 3673 1266 3734 ad·

123 3767 231 3841 dendo
239 3776 294 3841 'de
289 3778 395 3841 succis
416 3775 579 3858 ptn'edietis
600 3771 661 3864 ξβ.
684 3782 732 3843 vel
751 3796 863 3860 parum
886 3776 1081 3856 aceti-'gratia
1100 3774 1265 3852 incisionis,

122 3878 337 3985 subtiliationis
358 3892 387 3942 et
406 3874 656 4001 penetratiouiu·
724 3890 772 3915 ·¹
856 3906 859 3913 ·
1121 3908 1124 3913 ·
1177 3912 1180 3919 ι

164 3990 242 4079 ”Ἰι”ι
264 3990 405 4125 preceseu
427 4012 528 4108 magis
535 4006 652 4137 ΙΡοείιιι
672 4002 747 4098 potii
779 4006 812 4078 in
838 4010 889 4078 liis
917 4012 1080 4115 ungnentis
1109 4015 1176 4094 loco
1204 4004 1265 4077 olei

123 4100 292 4209 commilitii
300 4106 414 4209 oleum
436 4100 504 4181 de'
494 4118 656 4225 iuniperis
663 4128 717 4184 a'ut
749 4110 852 4201 oleum
881 4116 1142 4182 tarta1i.Tune
1173 4120 1264 4181 etiam

125 4210 204 4282 valet
224 4197 416 4298 unguentum
435 4210 603 4285 Aroinonr'r
620 4204 718 4285 tale'
726 4222 807 4286 Rec.
820 4223 1028 4304 Aphronitri,
1048 4222 1081 4284 id
1103 4235 1163 4297 est,
1190 4241 1263 4301 spu·

123 4334 191 4385 mats
205 4306 289 4383 itui·
305 4322 349 4406 (et
364 4330 415 4386 'est
436 4325 548 4388 baura'o
575 4320 707 4411 omnen.)
723 4338 809 4407 part.
816 4346 857 4388 ·v
879 4325 1008 4407 litmg'iri
1028 4338 1106 4404 part.
1131 4330 1166 4402 5.··
1182 4325 1264 4386 Tere
