2806 4800
679 222 728 295 68

136 423 235 492 egerat
255 411 414 493 ipsamque
437 408 721 484 inflammationem,
743 407 921 488 primariam
943 406 1045 468 morbi
1067 426 1208 484 carrmm,
1218 429 1278 488 pro

136 537 245 596 magua
264 527 351 596 parte
374 515 501 576 minuet.
543 515 673 575 Possunt
695 512 784 574 etiam
804 530 866 572 non
887 508 1079 572 incommode
1094 512 1167 572 illae
1184 530 1283 574 venne

44 601 47 606 ¹
135 621 168 678 in
190 617 300 680 dextro
321 615 400 698 pede
417 615 463 700 (in
485 635 522 678 co
543 617 625 678 enim
645 619 740 679 latere
760 613 891 676 minutio
912 614 980 676 fieri
1000 613 1117 698 debet),
1138 635 1220 697 quse
1239 614 1288 677 ed·

134 740 275 800 magnam
311 732 341 780 et
372 719 498 780 nimiam
530 717 668 798 pedicam
699 719 864 796 ingruunt,
898 715 980 778 ferro
1006 717 1139 796 aperiri,
1180 738 1281 802 quum

127 844 171 914 ⁸sa
189 823 346 902 apertione
365 824 445 883 mala
469 824 602 904 qualitas
621 844 640 882 a
662 819 865 883 nobilioribus
892 819 1038 880 membris
1058 817 1099 881 a'tl
1117 821 1282 896 iuferiore's

137 924 329 1006 partss‚-ubi
343 924 450 985 ‘minus
469 925 597 1004 periculi
618 923 732 984 inferre
752 924 847 996 valet,
868 918 1042 998 divertitur,
1062 935 1093 985 st
1107 921 1146 985 da
1162 938 1289 1007 quanto·

134 1029 219 1090 ocius
238 1029 296 1089 iata
315 1046 462 1091 venarum
482 1027 590 1090 incisio
612 1025 784 1107 perficitur,
806 1037 894 1087 tanto
916 1025 1075 1087 uberiores
1095 1025 1213 1090 fructus
1232 1028 1281 1089 ai·

134 1131 201 1191 isit.
244 1130 279 1189 ln
298 1129 468 1209 principio,
487 1130 633 1211 inquam,
651 1148 743 1190 omne
763 1127 906 1190 nocivum
926 1146 1017 1208 saepe
1035 1141 1181 1205 evaeum,
1208 1140 1283 1191 anta

135 1249 209 1294 varo
226 1228 426 1309 aegritudinis
447 1233 651 1312 inceptionem
671 1232 865 1313 frequentata
886 1232 999 1293 multos
1020 1254 1038 1292 a
1066 1232 1138 1294 tabe
1156 1230 1282 1295 nomer·

134 1345 203 1408 rat,
218 1330 275 1393 ‘sed
298 1345 333 1394 ut
353 1333 442 1395 oertis
463 1334 654 1414 temporibus
675 1329 819 1414 prodest,
837 1332 881 1394 ita
898 1335 1121 1416 nonnunquam
1142 1334 1282 1412 metato,

135 1435 392 1521 quandoiniectio
404 1439 465 1499 ium
487 1449 694 1501 consummata
714 1449 769 1512 est,
790 1449 886 1498 nocet.
930 1434 1034 1512 Quum
1053 1439 1113 1501 boc
1122 1450 1282 1519 pacto-per.

134 1541 289 1619 mugrrinis
311 1537 503 1602 emissionem
523 1541 620 1602 hostis
640 1541 673 1600 in
691 1538 857 1601 visceribus
877 1539 1087 1601 conturbatus·
1099 1540 1161 1612 es't,
1190 1539 1282 1600 facite

134 1655 233 1723 potest
252 1640 291 1702 ad
312 1642 390 1704 cutis
410 1643 629 1705 extremitatem
647 1638 834 1724 quibusdem
854 1641 1015 1721 potionum
1028 1640 1191 1721 genetibus
1206 1659 1283 1704 svo*

134 1747 205 1808 cari.
242 1740 379 1824 Recipiat
389 1746 459 1827 quis
470 1743 630 1807 dimidiam
641 1746 752 1806 libram
764 1745 929 1805 recentium
942 1742 1066 1819 ficuum,
1088 1740 1207 1805 lentum
1220 1762 1282 1806 unu

135 1851 194 1911 cias
209 1861 288 1924 tres,
308 1847 477 1930 liquiritiae
497 1861 625 1911 msaeet
645 1848 757 1910 incisae
767 1847 887 1909 unciam
909 1867 1015 1924 unam,
1034 1847 1131 1909 buliat
1149 1848 1185 1908 in
1199 1860 1281 1930 qum

133 1967 205 2015 tuor
222 1951 310 2014 libris
321 1949 468 2033 aquaead
480 1951 744 2031 consumptionem
755 1952 929 2033 aliquarum
945 1951 1097 2031 partium3
1119 1968 1186 2032 quo
1199 1962 1278 2030 potu

133 2055 236 2118 sobrie
255 2052 364 2130 calido,
385 2055 460 2116 alias
480 2052 604 2134 frigido,
625 2055 768 2137 quotiens
787 2054 852 2116 sitis
862 2053 1015 2134 appetitus
1036 2051 1163 2114 bibendi
1182 2052 1278 2114 susci-t

132 2157 272 2217 sabulum
294 2156 506 2230 commoverit,
527 2167 641 2217 utatur.
691 2157 808 2218 Sentiet
828 2155 915 2218 brevi
936 2173 1058 2217 omnem
1080 2144 1278 2220 intrinsecam

132 2258 264 2319 scabiem
286 2253 327 2315 ad
347 2250 693 2334 corporiss'uperficiem
714 2256 817 2317 acciti
847 2267 1009 2338 cutemque
1027 2260 1129 2319 tota'tn¹
1149 2254 1279 2321 ad‘tom

133 2358 219 2420 dium
232 2357 468 2437 etpostularnm
488 2357 634 2419 alluviem
656 2357 793 2437 osmugi.-
827 2353 931 2431 Quum
950 2358 1063 2419 iactum
1074 2359 1278 2435 est,:hauriat

131 2473 322 2544 sequentem
336 2477 503 2539 syropum,
534 2458 662 2538 singulis
696 2457 898 2521 hebdomadis
930 2478 1035 2537 mana,
1065 2460 1238 2545 -aotev'am
1255 2483 1277 2525 e

129 2567 209 2625 lecto
227 2574 340 2640 surgat.
384 2559 533 2641 capimur
553 2558 709 2639 endiriae,
730 2563 1120 2644 hepaticae,·tupulomm,
1147 2568 1277 2648 capillo-

131 2684 201 2724 rum
222 2667 355 2741 venerIs,
379 2666 557 2744 buglossae,
578 2665 753 2746 boraginis,
773 2679 922 2743 acerreae,
948 2667 1192 2753 uniuscuiusque
1208 2690 1277 2734 nra·

130 2763 256 2843 nipulus
274 2763 437 2843 dimidius,
458 2767 621 2844 absinthii,
632 2767 726 2829 -iumi
741 2778 856 2844 terrae,
882 2769 1053 2846 scabiosac,
1071 2772 1276 2838 ‘uniuscuius-

131 2886 192 2947 que
212 2870 387 2949 mani'pnius
402 2891 504 2948 unus,
524 2869 637 2938 florum
659 2870 829 2948 violarum,
840 2890 997 2934 rosunum
1012 2874 1197 2954 ruhearum,
1210 2880 1276 2941 ho·

128 2970 251 3049 reginis,
274 2973 442 3053 buglossas‚
463 2975 656 3054 singulorum
674 2972 818 3036 drachma
841 2995 913 3053 rrnu,
933 2975 1045 3040 hordei
1064 2974 1218 3057 mundati,
1234 2982 1275 3041 ll·

129 3070 272 3150 quiritiae
290 3069 628 3155 rasae,¹bcrberorum,
651 3077 890 3160 uniuscuiusque
912 3081 1001 3142 uncia
1024 3076 1175 3158 dimidiu
1202 3101 1273 3162 pat·

128 3175 263 3236 aularum
274 3179 490 3244 mundatorum
504 3174 596 3244 unda
618 3203 691 3260 una,
711 3201 823 3244 sennua
840 3181 1013 3262 mundatae,
1030 3184 1193 3269 epithymi,
1212 3181 1272 3264 po'·

127 3275 405 3360 lypodiiquercini,
425 3285 618 3366 singulorum
626 3285 728 3351 media
748 3285 849 3364 uncia,
869 3288 994 3350 seminis
1007 3278 1273 3366 enutritoentcutt,
1301 3327 1306 3336 ι

97 3460 100 3464 .
126 3380 313 3456 petroselini,
334 3385 574 3468 uniuscuiusque
589 3387 735 3450 drachma
752 3410 824 3452 arna.
868 3386 956 3464 Quae
974 3384 1274 3475 annueruntque

128 3478 159 3537 in
176 3493 243 3541 octo
261 3481 459 3568 iibrissquae
479 3486 519 3548 ad
530 3493 792 3570 consumptionem
805 3494 911 3556 tertiae
933 3495 1029 3574 partis
1048 3492 1271 3556 dacomti'utent

126 3577 165 3639 ad
187 3595 321 3663 quatuor
340 3588 447 3664 horas,
466 3585 550 3651 'inde
570 3613 715 3671 expresso
735 3595 851 3676 liquori
870 3593 1085 3661 addatur-una
1101 3590 1183 3652 lihra
1195 3612 1267 3653 -an-
1328 3648 1338 3658 .

127 3682 188 3743 cari
212 3687 260 3746 vel
281 3689 399 3766 mellis,
422 3703 451 3753 et
471 3691 605 3756 secundo
626 3711 848 3779 percoquatur,
872 3687 1160 3781 tumqueaotuuu?
1202 3696 1266 3762 De·

125 3796 253 3864 puratus
273 3803 356 3852 certe
374 3804 404 3853 et
427 3790 577 3858 defecatus
598 3797 762 3881 sobrieque
789 3788 1269 3865 haustus'totamhostis'maia·

124 3901 229 3952 statem
250 3891 283 3952 iu
301 3891 452 3956 intestinis
472 3909 621 3977 conteret,
654 3901 739 3983 quod
768 3917 812 3967 est
844 3922 936 3967 omna
955 3899 1146 3984 pestiferum·
1159 3899 1270 3961 'morbi

125 4008 294 4069 venenum,
320 3991 437 4073 digeret
464 4010 494 4060 et
522 3998 570 4060 ad¹
589 4003 802 4082 expulsionem
831 3993 1063 4086 praeparabit-¹
1089 4004 1183 4074 Tunc
1202 4022 1271 4064 sx-

123 4091 238 4168 templo
253 4088 409 4175 ,catapoeia
429 4099 503 4161 sira·
514 4102 629 4178 pilulae
639 4126 655 4179 ,·
680 4126 760 4186 quae
779 4108 883 4187 ipsum
904 4108 1040 4170 omnino
1056 4126 1096 4169 ex
1110 4105 1270 4168 -viscerunt

122 4190 482 4276 arcibrtsnxterminent,
504 4201 689 4266 iniiciantun
721 4193 851 4271 feumu
874 4209 1050 4288 'pilularum
1080 4205 1269 4270 hennon·-

122 4291 214 4370 ΜΟ,
238 4295 405 4375 pilularum
425 4296 798 4373 datumoterrse'etde
817 4300 1267 4387 hermodattiiit,¹einguiarnat
