2806 4800
655 232 729 304 108

122 421 266 484 mixtura.
309 420 380 484 llec.
399 417 573 483 conservae
590 437 731 481 rosarum
752 427 782 482 et
802 417 974 498 borraginis
994 422 1054 481 ana'
1067 418 1132 504 3iss.
1153 422 1265 500 pulve-

122 523 166 584 ris
186 521 340 584 electuarii
361 519 400 583 de
420 520 547 600 gemmis
568 513 633 605 Θβ.
653 521 748 582 Misce
769 541 838 581 cum
854 541 976 602 syrupo
991 542 1142 584 rosarum.
1184 524 1268 586 leiu-

123 636 175 687 net
194 626 294 688 tribus
312 637 367 687 aut
384 636 520 707 quatuor
538 624 624 686 lroris
651 636 766 705 postea.
808 625 847 687 Et
873 637 944 704 post
974 626 1035 687 cibi
1051 623 1269 704 digestionem,

123 726 263 803 silibat,
292 727 407 807 poterit
430 726 546 787 intrare
573 726 717 788 balneum
739 739 838 810 aquae
861 725 958 789 dulcis
987 725 1126 807 tepidae,
1151 749 1268 809 *patum

123 826 238 890 ibidem
257 825 449 889 immorando
472 825 511 888 ad
532 825 746 890 resolvendum
767 829 915 910 reliquias
931 829 1074 890 materiae
1096 831 1174 892 circa
1193 850 1268 910 pan·

123 945 169 994 tea
189 943 329 992 cotaness
351 942 381 993 et
400 927 592 991 alterandum
613 932 733 990 melam
745 931 988 1010 complexionem
1010 929 1139 993 calidam
1158 943 1190 994 et
1209 931 1268 995 sio·

124 1053 205 1110 cam,
226 1031 253 1094 si
273 1053 336 1114 qna
357 1053 396 1095 ex
418 1033 600 1094 humoribus
618 1044 648 1095 et
668 1044 738 1112 poet
762 1033 968 1112 pharmaciam
989 1034 1144 1097 remansit.
1195 1033 1268 1096 Non

123 1136 167 1199 sic
184 1131 278 1198 laudo
297 1135 443 1198 balneum
462 1135 589 1213 truffas,
617 1139 722 1198 saltem
744 1136 778 1197 iu
798 1137 953 1219 frequenti
977 1157 1053 1214 usu,
1074 1139 1166 1220 quis,
1197 1138 1269 1201 licet
1303 1119 1308 1123 ⁴

125 1235 321 1320 provocando
341 1235 484 1303 eudonem
504 1236 645 1300 videatur
667 1239 822 1314 conferre,
843 1259 883 1300 ex
903 1240 980 1314 hoc,
1010 1237 1096 1321 quod
1116 1237 1270 1304 sndor·est

125 1340 279 1423 aquositas
299 1340 469 1420 sanguinis,
500 1341 550 1404 cui
580 1361 639 1422 pus
660 1341 821 1404 colericum
849 1354 895 1405 est
915 1339 1105 1418 admixtum,
1136 1354 1171 1404 ut
1190 1343 1268 1405 nu·

127 1463 222 1504 crura
243 1441 375 1505 seeundo
395 1463 529 1522 canone,
548 1443 682 1525 capitulo
700 1445 827 1526 proprio
848 1442 937 1520 dicit,
969 1456 1071 1506 tamea
1095 1445 1197 1524 ipsum
1218 1465 1269 1506 re-

125 1545 218 1607 solvit
237 1543 350 1607 subtile
364 1566 404 1607 ex
424 1547 621 1624 humoribus,
641 1544 846 1630 relinquendo
866 1565 1023 1626 grossum,
1051 1558 1081 1608 et
1099 1545 1270 1609 inflammat

126 1661 219 1732 atquo
237 1648 376 1711 exsiccat.
428 1647 501 1712 Ideo
529 1651 626 1730 magis
653 1647 764 1726 laudo,
795 1647 920 1732 qrrando
948 1645 1074 1729 expedit
1088 1667 1270 1726 provocare

118 1743 284 1827 ¹sudorem,
308 1763 343 1813 ut
361 1751 429 1813 aliis
447 1752 578 1831 ingeniis
602 1751 671 1831 liat,
703 1751 764 1815 nisi
790 1751 823 1813 in
843 1751 1054 1834 phlegmaticis
1074 1761 1104 1813 et
1122 1748 1272 1827 lrusnidis,

38 1923 42 1932 ,
68 1933 71 1938 .
128 1856 185 1918 ubi
203 1854 337 1918 securius
358 1851 540 1918 conceditur.

213 2030 403 2094 Rectilicatur
422 2013 524 2103 autem
544 2051 598 2095 cor
613 2043 648 2103 et
669 2032 767 2114 hepar
792 2052 860 2094 cum
892 2028 1079 2093 aromatibus
1105 2026 1272 2100 resistentie

128 2136 187 2197 bus
204 2132 420 2215 putreacuoni
436 2146 466 2196 et
480 2134 640 2198 venenosis
661 2135 806 2212 materiis,
821 2147 860 2198 *ut
871 2155 941 2196 cum
960 2153 1058 2209 croco,
1079 2133 1270 2194 cinnamomo

129 2249 160 2301 et
187 2237 265 2298 rosis
294 2248 324 2297 et
347 2234 473 2299 sandolo
501 2249 533 2299 et
563 2238 657 2300 cassia
675 2239 752 2318 ligni
773 2251 804 2301 et
830 2239 1000 2316 similibus,
1028 2250 1058 2299 et
1086 2236 1272 2319 potestfieri

129 2340 198 2401 talis
218 2337 373 2400 conlectio.
424 2338 496 2399 Rec.
517 2332 692 2419 Specierutn
712 2339 908 2403 trociscorum
934 2338 973 2400 de
1000 2337 1109 2421 spodio
1131 2360 1200 2401 cum
1225 2359 1272 2405 ue·

128 2439 416 2523 mineacetosaegij.
438 2439 585 2501 corticum
598 2441 675 2515 citri,
694 2441 804 2504 cassiae
820 2441 907 2520 ligni,
928 2442 1111 2522 cinnamomi
1126 2465 1185 2509 ana
1204 2446 1273 2529 31ss

128 2562 268 2607 rosarum
295 2543 460 2612 rubrarum
483 2545 523 2626 3j.
561 2541 640 2604 croci
660 2533 724 2628 Θβ.
757 2555 787 2604 et
816 2563 885 2604 cum
916 2565 1041 2606 zuccaro
1063 2543 1210 2611 dissoluto
1238 2547 1272 2609 iu

128 2665 211 2728 aqua
231 2643 402 2729 borraginis
421 2655 475 2731 aut
500 2654 634 2706 acetosae
651 2642 704 2704 fiat
724 2644 922 2733 electuarium
941 2643 1097 2728 liquidum
1127 2659 1181 2709 aut
1201 2668 1274 2716 coo·

128 2749 218 2812 sectio
239 2745 347 2824 solida,
365 2743 507 2811 addendo
528 2748 577 2810 vel
596 2744 753 2810 alterando
775 2746 934 2829 simplicia,
955 2760 1048 2828 prout
1062 2751 1275 2830 opportunitas

129 2861 226 2913 vocat.
268 2850 361 2911 Dosie
379 2862 424 2927 est
440 2850 501 2932 ,iia
525 2851 574 2913 vel
584 2850 638 2926 iiij.
666 2851 730 2912 Aut
750 2849 840 2913 detur
850 2851 988 2913 cochlear
1002 2851 1096 2914 huius
1112 2853 1274 2915 mixturae.

129 2948 200 3033 Rec.
222 2952 396 3033 Conservae
419 2953 591 3032 borraginis
611 2966 642 3017 et
661 2973 799 3017 rosarum
811 2973 870 3015 ana
891 2943 962 3036 ξίβ.
989 2953 1183 3017 confectionis
1201 2977 1274 3036 perf

129 3060 208 3122 latae
228 3055 431 3138 pulverisatae
452 3047 496 3142 ᾗ.
529 3056 635 3119 Misce.
648 3119 661 3136 Ι,
689 3056 726 3118 Et
753 3069 882 3135 possunt
911 3055 979 3119 fieri
1007 3057 1092 3138 iulep
1121 3078 1161 3120 ex
1192 3079 1273 3140 aqua

130 3174 278 3234 scotasse,
300 3156 439 3223 andiviae
460 3160 511 3224 vel
529 3157 700 3240 bonaginis
721 3171 754 3235 et
770 3157 929 3237 similium,
951 3179 1021 3221 cum
1043 3180 1170 3224 zuccaro
1192 3161 1274 3236 albo,

131 3258 360 3339 aromatizanda
380 3282 449 3325 cum
471 3259 591 3327 modico
612 3258 805 3341 cinnamomo
825 3273 856 3334 et
875 3258 1011 3339 sandala.

135 3430 137 3437 '
217 3425 310 3511 Finit]
330 3429 467 3508 regimen
498 3433 759 3506 praeservativum
792 3455 812 3495 a
841 3431 928 3498 dictis
957 3434 1104 3516 pustulis:
1137 3434 1277 3517 sequitur

133 3531 304 3595 curativum
325 3524 471 3610 pro‘actu
493 3529 622 3590 infectis.
664 3532 812 3612 Regimen
834 3539 1005 3601 curativum
1034 3536 1174 3598 similiter
1194 3550 1276 3592 coru·

133 3637 236 3718 pletur
255 3629 353 3694 diaeta
385 3643 415 3693 et
444 3631 569 3712 potione
599 3645 632 3695 st
661 3635 764 3698 forsan
793 3640 956 3718 chirurgia.

188 3829 202 3843 ··
220 3804 330 3866 Diaeta
357 3812 459 3865 autem
479 3803 660 3885 patientium
682 3808 772 3888 quasi
790 3807 899 3872 similis
921 3820 966 3870 est
993 3824 1051 3886 per
1069 3800 1173 3864 omnia
1195 3794 1277 3858 diae-

134 3920 183 3970 tas
204 3904 324 3969 debitae
341 3905 582 3987 praeservandis.
637 3907 753 3971 Similis
772 3928 906 3992 namque
926 3920 972 3970 est
994 3902 1130 3968 custodia
1158 3904 1280 3964 fauno·

136 4029 207 4070 rum
227 4009 369 4071 laborum
389 4019 420 4070 at
439 4009 586 4071 correctio
603 4008 667 4070 iam
688 4010 854 4084 factorum,
885 4022 918 4071 ut
938 4010 1095 4071 Ganrnnns
1132 4004 1170 4068 de
1185 4005 1279 4082 aegi-

137 4108 220 4170 mine
243 4111 386 4175 unium.
399 4111 460 4188 ait,
494 4111 554 4174 nisi
573 4111 658 4192 quod
677 4114 733 4175 nie
751 4108 915 4174 aer-debet
944 4110 1097 4174 declinare
1117 4108 1156 4170 ad
1179 4129 1280 4191 quam

136 4209 208 4274 dam
238 4225 435 4291 temperatam
464 4211 646 4277 caliditatem
674 4212 715 4277 ad
741 4214 976 4279 maturationem
1005 4225 1035 4275 et
1062 4212 1279 4275 resolutionem

138 4315 331 4397 postularam
358 4313 602 4395 accelerandam,
632 4337 696 4381 non
723 4331 824 4381 tamen
854 4315 893 4380 ad
922 4319 1052 4383 :ultam
1081 4314 1279 4380 caliditatem:
