2806 4800
653 254 726 327 172

117 436 242 525 moneo)
263 459 302 500 ne
324 438 500 501 inconsultis
522 449 550 502 et
572 438 709 500 lurmsris
734 451 766 500 et
785 437 900 517 ingenii
921 436 1039 499 viribus
1069 434 1268 515 aggrediatur

118 539 303 623 quidquam3
316 540 401 624 >quid
421 542 492 602 illae
513 541 594 603 ferre
616 542 748 616 ualeant,
769 537 884 621 quidue
905 552 1052 616 recusent,
1071 542 1174 600 animo
1196 541 1268 601 rol·

118 654 185 718 rat,
213 663 253 704 us
273 664 365 705 onere
384 657 524 723 srrscspto
553 655 608 704 aut
629 655 736 704 nutare
767 655 820 704 aut
842 663 989 705 corruere*
1002 645 1129 704 omniuo
1149 644 1267 724 turpis·

118 745 230 806 simum
241 760 391 826 oporteat.
426 746 595 808 ‘Mansitata
616 743 741 820 diutius,
762 765 903 827 quaeque
923 760 1044 826 praeter
1064 747 1267 808 aliorum‘in-

117 846 228 907 iuriam
248 860 280 909 et
299 850 496 910 contumelias
515 849 645 926 ingeniis
665 846 833 910 inserviens
854 849 947 910 tutari
967 870 1002 909 ac
1019 848 1180 911 defendere
1198 851 1267 931 ipse

118 945 280 1025 didicerat,
300 951 333 1009 in
354 948 490 1012 medium
512 949 635 1013 afferat:
656 951 717 1012 alta
738 950 899 1027 sublimia,
922 949 1095 1034 dequibus
1116 950 1268 1015 disserere

118 1053 188 1132 plus
208 1054 454 1132 reprehensionis
476 1068 570 1136 quam
590 1050 691 1114 laudis
712 1051 814 1114 adbuc
834 1057 1012 1133 reportavit,
1032 1067 1212 1135 praetereat,
1232 1066 1266 1116 et

119 1155 302 1235 quibuscum
322 1168 442 1219 tantum
471 1157 556 1236 ipse,
584 1167 734 1236 quantum
767 1175 836 1216 cum
865 1154 979 1218 fidibus
1011 1160 1184 1236 gracculus,
1213 1179 1266 1220 sus

118 1277 187 1318 cum
211 1256 401 1331 amaracino,
430 1277 498 1319 cum
527 1253 622 1318 cauda
643 1257 732 1317 simia
752 1257 854 1321 habet.
886 1254 966 1320 'sed
987 1259 1025 1320 iis
1047 1257 1127 1340 quid
1145 1259 1266 1337 faciam,

118 1380 244 1442 operam
265 1383 305 1423 ne
321 1358 469 1441 perdere,
501 1380 612 1441 nqrram
634 1361 814 1437 verberare,
847 1382 954 1422 canere
972 1359 1067 1422 surdo
1089 1383 1128 1422 ne
1149 1360 1266 1440 videar,
1320 1408 1323 1416 ,

118 1463 174 1544 qui
194 1465 233 1524 ab
254 1465 395 1526 instituto
414 1460 548 1525 nefando
567 1481 622 1522 nec
644 1459 763 1522 desistit
784 1463 937 1539 omnium,
958 1464 1147 1538 mehercule,
1176 1485 1265 1526 vere·

118 1560 246 1627 onndi'as
266 1565 374 1633 finium
396 1566 526 1640 oblitus,
545 1561 616 1639 sed,
634 1575 682 1623 ‚ut
702 1563 735 1622 in
756 1576 863 1643 aperto
892 1577 951 1641 ast,
979 1583 1039 1644 pro
1067 1567 1146 1626 mala
1166 1567 1265 1646 ipsius

118 1668 237 1730 ossibus
248 1680 279 1729 et
298 1667 400 1731 nervis
410 1667 518 1728 inolita
536 1666 768 1746 inveterataque
787 1665 978 1727 affectatione
999 1666 1160 1744 perfricuit
1178 1669 1264 1730 iron-

118 1767 202 1831 tem?
234 1769 389 1852 Namque
412 1766 603 1852 dum-(quod
629 1769 776 1830 altissimo
794 1769 950 1839 cachinno
966 1769 1172 1852 maximisque
1189 1790 1264 1831 ron-

118 1873 186 1935 cluis
193 1871 443 1954 prosequendum
455 1868 513 1955 est)
527 1872 619 1932 falsae
634 1872 785 1933 scientiae
800 1891 966 1951 pravorum
986 1872 1190 1951 ingeniorum,
1210 1892 1264 1934 ve-

118 1996 169 2036 rae
191 1977 317 2036 umbrae
328 1973 492 2050 doctrinae,
514 1975 675 2036 insectator
697 1975 848 2052 bonorum
870 1972 1042 2036 studiorum
1064 1973 1144 2035 lotor
1165 1971 1264 2034 admi-

117 2078 233 2140 rabilis*
249 2077 349 2142 videri
369 2079 503 2140 maxime
530 2079 644 2153 voluit,
677 2078 709 2137 iu
730 2077 956 2139 inextricabiles
977 2096 1117 2139 errorum
1136 2080 1263 2160 laqueos

117 2185 220 2262 lapsus
240 2196 285 2245 est
306 2205 340 2244 ac
352 2185 486 2247 laterent
507 2183 583 2244 lenit
603 2183 704 2244 miser.
748 2182 895 2243 Animum
910 2181 993 2249 enim
1013 2181 1125 2262 siquis
1145 2180 1263 2242 medio-

117 2285 208 2346 criter
227 2283 321 2345 modo
341 2283 519 2359 intenderit,
541 2304 633 2365 quam
657 2284 808 2344 contraria
829 2284 888 2344 sibi
898 2303 946 2358 ,o
967 2285 1087 2363 superi,
1107 2304 1264 2368 quamque

116 2383 318 2462 repugnantia
338 2381 386 2466 (ut
407 2384 601 2465 oportuniori
625 2403 767 2465 quaeque
786 2387 853 2446 loco
870 2383 1028 2446 ostendam
1043 2385 1185 2468 effusius)
1205 2407 1263 2448 suo

117 2485 151 2544 iu
179 2504 273 2565 opere
300 2485 414 2547 situoso
440 2484 605 2558 invenerit,
635 2484 685 2544 cui
709 2505 728 2544 a
748 2484 944 2548 multitudine
977 2507 1117 2548 errorum
1138 2489 1263 2548 alaban-

117 2582 185 2649 dico
203 2599 403 2663 cognomento
423 2607 488 2648 esse
498 2584 654 2661 duximus,
676 2598 705 2648 et
727 2599 872 2668 tauquam
888 2588 1065 2652 senticctum
1087 2601 1116 2650 et
1136 2591 1263 2650 lemuri-

30 2732 34 2740 -
116 2688 175 2750 bus
189 2687 308 2750 inune
328 2686 515 2751 domicilium
538 2687 715 2768 vitandum3
744 2691 777 2750 in
799 2711 864 2773 quo
885 2693 981 2752 multo
1011 2689 1136 2772 quidem
1157 2689 1264 2753 discri·
1351 2770 1359 2783 ⁶

116 2792 199 2852 mine
219 2793 322 2852 iuncta
342 2796 421 2869 esse,
443 2814 499 2855 nec
518 2794 552 2853 in
571 2791 654 2854 idem
674 2807 779 2874 pectus
800 2795 880 2856 coire
902 2814 991 2874 posse
1012 2795 1143 2855 affirmat
1162 2814 1263 2856 sacro·

116 2905 217 2954 sancta
238 2905 268 2955 et
289 2895 449 2956 nominum
472 2907 502 2956 et
529 2916 634 2957 rerum
656 2894 774 2972 studia,
808 2915 873 2978 quo
900 2897 959 2977 sub
988 2898 1073 2958 omni
1103 2899 1168 2959 sole
1200 2918 1262 2959 non

116 2994 268 3076 ineptius,
285 2999 352 3056 non
371 2993 498 3058 delirius
518 2997 683 3080 quicquam
705 2997 765 3059 dici
784 3008 884 3078 potest
890 3041 899 3074 ,
920 3019 989 3060 cum
1015 2999 1080 3060 sine
1101 3000 1139 3061 iis
1161 3012 1195 3060 ut
1212 3001 1263 3060 in·

117 3097 338 3178 separabilibus
367 3119 457 3160 nemo
494 3101 543 3162 vel
567 3102 673 3180 ‘legere
704 3102 766 3162 vel·
785 3101 916 3162 scribere
944 3122 1081 3182 unquam
1111 3103 1262 3182 cogitarit.

118 3201 308 3264 Testimonio
336 3214 408 3264 sum
435 3199 474 3263 ad
496 3225 593 3266 unum
626 3225 723 3288 usque
755 3205 860 3266 omncs
891 3205 980 3266 nobis
1009 3205 1106 3268 relicti
1128 3212 1262 3270 veterum

117 3299 244 3364 codices,
296 3304 430 3367 Galenus
459 3327 584 3389 quoque
611 3322 719 3371 noster
739 3305 791 3390 (ad
820 3328 912 3390 quern
942 3307 1125 3388 aliquotiens
1156 3311 1263 3370 missos

116 3402 246 3478 legimus
262 3418 367 3467 mente
381 3406 543 3492 patientes)
554 3454 556 3459 -
566 3414 681 3491 quanto
689 3409 796 3473 studio
807 3411 967 3474 nominum
979 3410 1144 3486 sudaverit,
1166 3433 1263 3493 quan-

117 3513 163 3562 tas
181 3503 301 3582 vigilias
321 3503 371 3588 (ut
392 3527 427 3567 ea
448 3509 565 3591 ubique
584 3508 724 3588 definita,
746 3513 862 3596 ubique
883 3514 1018 3592 spaciosa
1036 3512 1192 3595 redderet)
1216 3515 1262 3576 vi·

117 3604 273 3684 gilaverit,
301 3607 360 3668 nisi
388 3608 454 3669 eius
482 3613 769 3672 commentationum
801 3615 1113 3693 experti-obscurum
1141 3626 1186 3674 est
1208 3636 1262 3675 ue-

119 3707 204 3768 mini.
226 3707 317 3769 ¹Nou
339 3720 440 3768 autem
462 3707 599 3785 inficior,
627 3708 1001 3789 quorundamnominum
1024 3731 1094 3770 eum
1116 3711 1261 3772 damnare

117 3808 326 3888 grammaticas
347 3807 479 3886 origines
497 3822 536 3872 'et
557 3810 648 3871 nimis
669 3809 837 3892 exquisitas
856 3808 993 3870 ludicrae
1014 3810 1189 3870 subtilitatis
1211 3831 1261 3872 so·

105 3913 235 3990 lsrtias,
255 3925 284 3975 et
304 3910 540 3974 iar-universum·
556 3914 678 3974 inutiles
698 3935 732 3974 ac
751 3932 846 3973 vanna
866 3913 1126 3988 nomenclaturas,
1146 3914 1260 3995 quibus

118 4014 386 4092 veluti-nugarum
406 4011 482 4076 ludo
504 4035 552 4077 res
571 4016 665 4076 falsae
684 4024 872 4088 tractantur,
903 4013 1001 4074 serius
1022 4034 1056 4074 ac
1087 4013 1263 4093 diligentius

118 4114 215 4177 vitare
235 4114 339 4192 docet,
359 4117 504 4199 qualibus
522 4120 570 4182 vel
590 4119 743 4184 siusilibus
762 4116 903 4176 libellum
923 4113 1090 4178 adversarii
1111 4120 1261 4198 conspicio

118 4216 365 4293 refertissimum,
385 4239 450 4300 quo
469 4221 561 4299 plura
579 4217 724 4298 fugienda
740 4237 834 4299 quam
854 4216 1060 4299 sequenda=ac
1076 4241 1152 4282 veru
1168 4239 1261 4302 quam

120 4319 207 4382 stalla
226 4315 365 4396 digniora
386 4334 556 4385 occurrunt.
578 4323 656 4384 ··Et»
670 4335 820 4404 quantum
841 4322 894 4383 ille
914 4321 1029 4385 fructus
1050 4324 1202 4402 gloriaeva
1222 4343 1260 4383 cx

1385 1052 1389 1093 l
