2806 4800
670 232 747 304 266

227 421 337 481 ibeosis
355 421 509 482 sublimitas
529 432 584 481 etc.
607 453 648 466 ···
700 418 880 482 Sublimitas
900 438 1003 479 sacrae
1023 415 1196 494 theologiae
1218 437 1284 478 nou

137 521 357 585 determinatur
375 523 408 582 in
430 521 594 592 medicina,
627 541 701 601 ergo
723 523 938 600 theologorum
968 519 1117 581 sententia
1138 516 1177 579 de
1197 531 1285 599 peste

138 637 184 687 est
202 621 327 685 medicis
345 623 444 683 aliena
460 635 490 684 et
504 635 658 701 extranea,
678 625 850 686 consecutio
864 623 994 704 pistrina
1011 633 1066 682 est.
1109 617 1172 682 Sed
1185 643 1284 703 quare

135 729 169 790 iu
187 729 281 790 sacris
300 727 432 809 eloquiis
451 726 554 806 potius
575 747 668 809 quiam
688 749 705 788 e
727 726 848 788 diverso
875 724 1096 786 determinatur
1116 720 1284 785 medicinae

135 832 307 894 sublimitas
333 826 450 890 dicente
478 831 629 892 salvatore
657 842 777 890 nostro:
809 830 888 889 male
916 826 1099 888 habentibus
1131 845 1212 906 opus
1239 839 1284 888 est

134 928 290 994 medicus?
333 928 435 1006 Quam
456 944 501 992 est
525 933 616 992 etiam
636 945 728 1012 turpe
748 931 869 993 homiui
888 930 1072 1008 christiano,
1094 948 1193 990 sacras
1213 929 1283 991 lite·

135 1054 187 1096 ras
214 1034 448 1095 nomenclatoris
482 1035 633 1096 extraneis
670 1047 773 1096 contra
805 1035 1019 1112 theologorum
1058 1033 1283 1094 observantiam

136 1138 284 1198 Theosim
305 1156 497 1217 nuncupare,
519 1134 605 1219 quod
626 1133 665 1197 de
686 1135 841 1197 maiestate
861 1136 1033 1214 theologica
1060 1132 1162 1196 dicato
1187 1153 1283 1214 opere

136 1238 333 1303 ostendimus.

222 1346 366 1405 lhrroca.
387 1364 525 1425 nomque,
555 1343 719 1417 Gssnrue,
740 1341 918 1418 Avrcrsrs,
939 1342 1152 1401 Amsrursms
1173 1351 1282 1400 etc.-

136 1449 295 1509 Lacessere
312 1446 466 1526 principes
487 1443 620 1507 medicos
642 1446 721 1507 nihil
742 1445 800 1506 tibi
820 1442 993 1520 videbatur,
1015 1445 1075 1505 nisi
1095 1457 1127 1505 et
1146 1444 1284 1504 Anrsrn·

136 1570 247 1625 rsaau,
268 1549 524 1628 philosophorum
545 1548 732 1628 principem,
753 1545 857 1609 eadem
869 1546 1004 1608 afficeres
1025 1547 1154 1606 iniurim
1175 1545 1284 1626 siquis

136 1651 219 1712 enim
242 1651 460 1710 Amsrorrnru
480 1647 612 1710 secundo
639 1649 836 1730 physicorum
866 1646 905 1709 de
932 1648 1065 1710 scientiis
1092 1645 1284 1708 intermediis

134 1773 195 1834 pro
222 1753 386 1831 astrologia
414 1750 591 1815 divinatrice
619 1754 852 1833 interpretatur,
888 1753 978 1834 quasi
1005 1773 1041 1813 ea
1063 1765 1093 1813 et
1114 1753 1283 1813 mathema·

134 1857 195 1917 tica
216 1876 251 1915 ac
272 1855 404 1914 naturali
425 1855 623 1936 philosophia
642 1856 773 1917 inferior
793 1856 901 1916 stillis
921 1856 1128 1916 subalternam
1148 1855 1197 1931 sit,
1219 1875 1282 1917 non

136 1959 236 2020 solum
268 1954 308 2016 de
334 1969 436 2017 mente
459 1959 665 2019 Aarsrnrrus
697 1960 892 2020 vehementer
923 1970 1019 2032 errat,
1053 1977 1162 2019 verum
1190 1957 1283 2018 etiam

136 2061 318 2140 astrologiae
340 2061 522 2123 sublimitati
543 2074 573 2122 et
594 2061 791 2122 excellentiae
810 2062 948 2138 (illorum
968 2058 1129 2142 opinione)
1157 2055 1283 2138 derogat

135 2166 321 2246 plurimum,
344 2165 417 2246 quia
438 2165 575 2243 ipsorum
596 2165 733 2226 confesso
750 2165 832 2244 ipsa,
860 2163 956 2226 veluti
976 2163 1124 2223 nanrmlis
1141 2163 1284 2236 Theosis,

137 2280 183 2328 est
202 2268 317 2327 cunctis
337 2267 534 2327 excellentior
553 2269 788 2350 sublimiorque,
809 2280 844 2328 ut
867 2267 958 2328 etiam
981 2267 1022 2326 ob
1043 2265 1141 2344 ipsius
1162 2265 1284 2324 celsitu-

136 2368 250 2442 dinem,
269 2382 417 2448 tanquam
438 2370 574 2430 hnmano
595 2372 698 2449 captui
720 2367 882 2450 disparem,
904 2368 1059 2447 contingat
1071 2367 1104 2427 in
1125 2386 1162 2426 ea
1183 2366 1282 2445 pluri·

136 2491 221 2532 mum
242 2470 394 2530 oberrare.
438 2471 487 2530 Da
510 2471 655 2546 Gnarus,
684 2470 818 2532 secundo
838 2472 976 2551 principe
997 2468 1131 2546 medico,
1160 2481 1194 2530 ut
1215 2469 1283 2530 viro

135 2593 243 2654 graeco
269 2570 421 2631 ambiente
443 2574 555 2646 multa,
576 2573 630 2633 ubi
651 2576 690 2634 ab
712 2575 905 2634 Hrrrocnsre
925 2575 1098 2647 recesserit,
1127 2574 1162 2632 ia
1188 2584 1281 2633 mate·

135 2677 182 2737 ria
202 2674 422 2737 iudicationum
454 2694 508 2736 seu
535 2677 659 2737 crisium
696 2677 896 2758 praesertim,
925 2678 997 2738 satie
1031 2697 1187 2758 superque
1207 2675 1282 2735 alibi

135 2778 323 2858 disputatum
346 2791 399 2838 est.
443 2776 491 2838 Ad
513 2780 695 2840 Arrcrunsu
716 2793 867 2840 revertar:
893 2780 1027 2840 hortaris
1049 2799 1098 2857 ms
1125 2777 1165 2838 ad
1188 2780 1282 2840 ve'rba

134 2894 237 2944 textus
265 2883 450 2942 Arrcrmutr.
506 2884 573 2942 Hoc
601 2884 708 2944 scribit
736 2884 948 2960 Lemannus,
988 2883 1172 2944 Avrcrnrsas
1204 2883 1283 2944 nihil

135 2983 221 3046 aliud
241 3003 436 3065 esse‚·quam
458 2985 590 3045 Psunuu
611 2998 642 3047 et
664 2986 820 3047 Gauranis
841 2987 920 3047 male
940 2989 1137 3065 translatum,
1158 3010 1215 3050 nec
1235 2993 1282 3051 ul-

135 3091 197 3149 lam
220 3108 283 3149 esse
304 3089 386 3151 viam
406 3086 597 3167 intelligendi
619 3090 823 3166 Avrcarrsu,
849 3091 954 3150 stubi
976 3092 1053 3151 bene
1075 3103 1106 3152 et
1128 3093 1184 3152 ubi
1203 3094 1283 3153 male

136 3193 250 3266 scribit,
271 3193 331 3255 nisi
352 3189 536 3254 conferendo
556 3192 652 3252 libros
673 3192 738 3252 eius
760 3211 828 3252 cum
849 3193 936 3253 libris
958 3193 1155 3270 Graecorum,
1176 3217 1194 3256 a
1212 3197 1281 3277 qui-

136 3295 195 3354 bus
218 3298 376 3358 Amorum
398 3295 571 3375 sumpserit.
624 3291 694 3367 Ouo
713 3295 873 3374 supposito
899 3296 1066 3374 probatur,
1098 3293 1185 3377 qnod
1206 3299 1282 3360 Aur·

138 3416 235 3458 carna
258 3401 398 3479 nuspiam
420 3400 561 3478 assignat,
583 3418 638 3460 nec
658 3399 757 3478 potuit
779 3399 931 3477 assignare
951 3399 1141 3478 pestilentiae
1161 3421 1280 3463 mirsam

137 3500 340 3561 anniversalem
361 3523 400 3562 ex
422 3504 506 3563 coelo
513 3545 522 3577 ,
543 3515 609 3563 tum
632 3504 706 3583 quia
731 3523 770 3563 ex
792 3506 891 3578 coelo,
920 3500 1005 3583 quod
1028 3514 1072 3563 est
1104 3503 1135 3562 in
1166 3522 1281 3565 macro·

138 3620 238 3663 cosmo
266 3603 344 3662 sicut
370 3604 403 3662 in
425 3604 622 3665 microcosmo
644 3604 786 3682 spiritus,
808 3624 926 3665 causam
948 3604 1121 3683 pestilentia
1143 3623 1205 3665 non
1227 3607 1280 3666 ha·

138 3707 200 3781 bet,
220 3719 285 3768 tum
306 3707 378 3789 quia
401 3707 564 3768 eiuscausa
586 3705 890 3786 universalispendst
902 3729 941 3768 ex
964 3706 1145 3785 intemperie
1157 3708 1277 3768 mixtio·

138 3809 186 3870 nie
208 3810 288 3870 aeris
310 3822 339 3872 et
361 3808 556 3889 corruptione
576 3809 641 3870 eine
661 3809 693 3870 in
716 3811 901 3871 substantia:
931 3827 1004 3887 ergo
1026 3819 1094 3870 ’non
1124 3819 1221 3889 potest
1238 3827 1278 3867 ex

139 3916 222 3975 coelo
242 3912 398 3990 assignari.
450 3908 598 3986 Quinimo
631 3913 878 3991 astrologiaantes
899 3923 930 3972 et
963 3912 1019 3992 qni
1047 3913 1127 3972 mala
1148 3914 1182 3972 in
1202 3922 1282 3973 astra

138 4015 289 4091 referunt,
316 4015 397 4077 inter
418 4017 555 4077 omnium
578 4018 756 4077 morborum
778 4035 882 4077 causas
903 4016 996 4094 pestis
1018 4015 1168 4093 originem
1190 4036 1282 4095 repu-

140 4127 203 4176 tant
225 4116 448 4180 diificillimam:
470 4120 554 4180 illam
577 4139 649 4198 ergo
673 4121 712 4178 ab
735 4120 903 4195 Armanas,
924 4139 986 4200 qaia
1009 4115 1142 4179 medicus
1164 4130 1221 4190 est,
1244 4138 1283 4179 ex

140 4218 223 4278 coelo
245 4220 391 4297 assignari
419 4225 508 4299 longe
531 4224 629 4282 maius
658 4222 770 4283 mirum
792 4235 886 4298 esset,
912 4240 1006 4302 quam
1034 4221 1233 4301 particuhres
1251 4223 1282 4281 in

120 4321 233 4391 ,rebus
259 4318 374 4396 surdis,
405 4343 480 4402 quas
505 4324 552 4385 iili
580 4336 688 4387 vocant
716 4325 863 4400 occultas,
898 4325 1104 4404 proprietates
1136 4335 1283 4386 cosrstare.
