2806 4800
666 226 711 296 16

124 412 190 475 lieri
219 412 252 473 in
283 410 417 474 ducentis
448 409 644 494 quadragenis
675 413 778 488 annis,
811 425 840 474 et
869 416 964 475 multo
996 418 1099 495 plures
1120 418 1252 481 minores

124 516 261 577 Servum
282 529 311 576 et
331 517 455 576 Manrrs
479 516 511 577 in
533 517 662 577 tricenis.
702 518 747 591 ¹Et
768 538 889 580 trusum
909 520 1012 599 plures
1036 521 1112 580 aliae
1135 523 1252 583 conuu-

124 632 209 699 gunt,
229 617 266 680 de
294 619 405 701 quibus
435 619 636 680 Prosensevs
667 620 698 680 in
728 623 894 703 Centilaquia
919 625 998 684 carba
1027 631 1252 707 quinquagesimo

122 731 211 804 primo
240 723 356 805 inquit:
392 724 436 788 Nc
463 725 630 786 oblibiscaris
657 735 764 791 cantum
792 729 885 801 uiginti
910 732 1145 803 consuetorum,
1178 752 1252 811 quac

120 829 194 908 fiunt
214 834 241 888 in
260 829 340 890 stald's
363 833 497 889 erraticis.
539 831 573 888 ln
593 831 644 888 iltis
664 833 734 888 enisu
757 839 796 888 est
818 833 1038 891 maior-scientio
1049 853 1156 907 aarum,
1178 856 1252 914 qaae

114 932 193 1012 fiant
213 937 240 992 in
261 934 312 992 isac
333 933 445 992 inundo.
486 926 631 1004 Quinimo
651 930 730 993 inter
757 933 905 1013 quaslibet
929 931 1004 995 duaa
1026 934 1251 995 coniunctiones

125 1033 271 1094 maximas
291 1032 391 1095 estad
411 1035 511 1094 minus
533 1055 594 1094 rma
612 1035 761 1097 revolutio
773 1036 865 1111 orbis,
885 1033 917 1095 id
933 1049 986 1114 est,
1006 1049 1127 1099 octavae
1142 1038 1249 1116 sphae-

125 1158 175 1197 rae
202 1137 236 1197 in
255 1128 437 1216 sexingeutis
457 1135 656 1221 quadragenis
677 1140 782 1214 annis,
820 1152 849 1201 et
879 1139 968 1199 etiam
993 1140 1097 1219 plures
1122 1141 1248 1217 ,revolu-

124 1242 219 1302 tiones
240 1242 343 1319 magni
363 1241 445 1302 orbis
473 1241 505 1300 in
526 1241 663 1302 trecentis
690 1242 847 1320 sexagenis
874 1242 970 1303 annis.
1013 1239 1106 1303 fiunt
1125 1241 1250 1321 insttper

123 1346 225 1424 plures
254 1327 463 1407 revolutiones
478 1343 632 1425 Servant,
664 1363 741 1424 quae
768 1341 892 1426 quidem
923 1355 1027 1407 cuncta
1051 1365 1113 1407 nou
1141 1366 1248 1425 parum

124 1448 238 1509 habent
275 1447 498 1526 significationis
528 1449 560 1508 in
589 1447 862 1531 permutationibus
897 1466 1056 1509 saevorum
1087 1469 1250 1528 regnorum

122 1551 352 1639 ingentiumque
378 1550 601 1641 aegritudinum
635 1565 664 1615 et
692 1532 822 1611 aliorum
857 1570 1035 1629 magnorum
1076 1553 1249 1630 effectuum,

123 1653 292 1717 secundum·
308 1640 484 1725 doctrinam.
502 1655 819 1744 excellentissimorum
847 1667 1098 1719 astronomorum.
1149 1653 1246 1730 Quam

124 1760 250 1823 obrem
272 1757 393 1842 quando
416 1759 806 1849 earum-configurationum
825 1760 929 1839 plures
949 1757 1086 1831 incidunt
1098 1759 1131 1819 in
1152 1780 1249 1821 unum

123 1884 252 1940 annum,
280 1876 449 1947 sequuntur
477 1864 561 1926 varia
586 1863 748 1937 miracula,
786 1883 864 1943 quae
901 1863 1041 1927 omnibus
1072 1864 1251 1927 mortalibus

122 1968 241 2049 stupori
271 1981 301 2029 et
320 1966 513 2031 admirationi
538 1968 679 2030 existunt.
734 1967 842 2029 Evenit
869 1979 987 2045 autem,
1016 1968 1119 2048 paucis
1132 1968 1249 2029 exactis

123 2073 224 2148 annis,
245 2091 351 2134 saevus
373 2071 509 2134 Servant
528 2084 559 2132 ,et
579 2072 663 2157 lovrs
685 2071 790 2147 coitus,
811 2071 866 2154 qui
884 2070 977 2132 huius
998 2071 1072 2131 mali
1093 2068 1135 2141 de
1150 2050 1247 2139 Fran-

123 2195 192 2250 zos,
223 2172 306 2256 quod
335 2175 395 2233 iam
426 2174 533 2234 misere
567 2175 698 2254 ingruit,
731 2194 817 2236 causa
848 2174 968 2254 existit,
993 2192 1092 2255 quem
1122 2167 1246 2255 quidem

122 2278 261 2356 pluribus
281 2277 382 2338 verbis
403 2278 589 2359 complectar.

209 2384 404 2465 Capitulum
438 2362 592 2443 aciacum
636 2386 672 2445 dc
705 2387 798 2462 prema
834 2403 925 2442 caasa
958 2383 1037 2441 baius
1066 2380 1249 2457 pestt'lcutralis

123 2488 245 2547 Scurrae
265 2489 318 2546 siva
339 2488 408 2544 mali
427 2487 462 2546 dc
481 2469 605 2548 Francos
623 2466 722 2563 ¹fluenti
740 2510 776 2547 en·
798 2489 906 2546 coalmti
924 2485 1131 2547 constellatione..

208 2588 360 2650 Proximis
379 2586 481 2651 idibus
500 2588 723 2667 Novembribus
745 2589 959 2670 Aegyptiacum
983 2584 1134 2671 quendam
1153 2585 1248 2669 „rivu-

122 2695 206 2777 lum,
226 2693 435 2755 scaturientem
457 2714 473 2753 e
495 2690 611 2768 medio,
633 2707 667 2755 ut
687 2695 788 2768 aiunt,
808 2693 1064 2773 pbilosophorum
1084 2689 1184 2763 sonte,
1204 2709 1251 2749 ce·

123 2799 181 2881 leri
201 2820 289 2861 cursu
309 2799 444 2861 traiicere
464 2799 601 2860 conabar.
651 2798 730 2860 Nam
754 2812 784 2861 et
813 2795 931 2861 assidue
959 2791 1147 2869 cursitando,
1182 2811 1250 2852 cum

124 2903 324 2989 philosophos
345 2914 437 2984 atque
458 2899 604 2979 medicos,
639 2915 703 2963 tum
727 2923 831 2964 unines
864 2902 954 2989 etiam
967 2897 1251 2989 'sapientescousu-

124 2988 232 3082 leudo,
262 3005 367 3070 sedulo
395 3000 579 3086 inquirendo
607 3005 865 3089 intentissimeque
897 2999 1074 3083 cogitando,
1106 2999 1251 3083 quidnam

124 3109 157 3185 id
175 3111 246 3186 mali
267 3092 359 3187 esset,
381 3090 465 3191 quod
485 3110 675 3179 tammisere
693 3090 827 3199 premit,
847 3121 950 3187 urget,
979 3104 1146 3166 inflammat
1153 3145 1171 3178 ‚,
1191 3114 1253 3184 tor·

123 3227 211 3297 quet,
240 3213 342 3302 prstrit
359 3214 570 3296 incalescitque
591 3214 764 3276 mortalium
787 3233 931 3293 corpora,
960 3207 1130 3285 sudoriiero
1159 3203 1254 3265 nimio

124 3319 345 3399 laboransque
375 3338 483 3397 sopore
507 3318 683 3399 profligatus
718 3318 845 3381 itteram.
901 3313 1005 3392 Quum
1031 3327 1133 3379 autem
1163 3300 1256 3370 unus·

125 3421 255 3502 quisquc
272 3442 304 3481 se
324 3420 408 3482 illius
428 3423 475 3483 rei
496 3402 653 3501 ¹originem
683 3423 824 3500 ignorare
856 3423 1018 3508 fateretur,
1050 3419 1133 3480 illico
1166 3409 1259 3474 statui

125 3523 345 3605 Aegyptiorum
360 3525 517 3606 gymnasia
526 3524 618 3611 adire,
640 3547 802 3609 quumque,
813 3527 962 3604 pavissem
973 3522 1079 3582 oculos
1089 3520 1121 3575 in
1132 3513 1256 3588 crystal-

126 3627 189 3693 lina
209 3627 292 3689 illius
326 3626 413 3690 fluvii
439 3629 644 3693 amoenissimi
672 3625 770 3701 unda,
802 3627 996 3707 intuererque
1025 3613 1155 3672 maiores
1182 3616 1256 3664 natu

126 3732 207 3794 viros
227 3732 290 3793 illic
310 3753 374 3795 sese
394 3748 575 3810 recreantes,
602 3732 657 3815 qui
678 3748 800 3791 rursum
820 3715 1079 3784 amicabilissimos
1101 3708 1204 3783 Vultus
1226 3708 1257 3766 1¹¹

127 3858 175 3898 me
206 3837 400 3911 coniicerent,
442 3835 563 3899 consedi
598 3830 863 3910 conlabnlaviqua,
896 3817 1003 3887 avidus
1033 3831 1108 3877 vcro
1135 3808 1259 3884 sciendi,

129 3943 233 4024 quales
254 3963 286 4003 se
309 3950 455 4020 gererent.
500 3941 582 4001 Tum
602 3957 696 4010 unus,
720 3930 775 4011 qui
796 3926 908 4002 aderat,
929 3922 1086 3987 dexteram
1107 3915 1141 3974 in
1154 3932 1259 3972 aurem

129 4024 206 4107 mihi
220 4047 403 4119 susurrabat,
422 4037 542 4103 eosdem
555 4062 619 4103 esse
632 4039 860 4105 Hrraosusrmu,
882 4030 1045 4096 (innervis,
1067 4021 1260 4103 Avrcsnnnn,

130 4150 312 4221 Personam,
339 4147 570 4225 Amsrormsu,
591 4144 821 4207 Prone-manvu,
851 4133 987 4214 aliasque
1006 4125 1102 4186 ferme
1123 4121 1261 4180 innume-

131 4272 182 4313 ros
203 4250 367 4325 astrologos
388 4247 573 4322 recensebat,
605 4242 660 4327 qui
681 4235 718 4300 de
739 4256 841 4297 rerum
860 4232 1045 4299 naturalium
1075 4224 1260 4288 coelestium·

134 4376 194 4437 qua
216 4349 467 4429 contemplatione
480 4348 666 4415 dissererent.
