2806 4800
648 199 725 267 200

123 411 185 471 qna
206 381 398 468 improvidus
419 379 584 456 contendit,
615 380 734 442 tertiam
757 377 936 460 parricidam
954 378 1122 461 aphorism.
1143 381 1278 457 morbos,

126 510 204 573 quos
224 510 280 569 per
301 499 424 548 naturas
446 503 517 546 otras
539 495 676 562 tempora
698 501 760 543 nou
780 478 964 557 admittunt,
996 493 1049 543 aut
1070 480 1126 564 qui
1153 503 1174 544 a
1196 503 1279 545 mor·

128 593 213 655 bifica
241 591 290 654 sel
319 588 462 671 pestifera
478 605 580 648 ⁶causa
620 583 837 659 conficiuntur,
877 583 979 646 minus
1006 582 1277 664 oomprehendera,

127 714 195 757 cuns
228 691 401 755 testirrsonio
438 690 644 750 lirrrocnnms
680 688 771 766 longo
807 686 897 748 aliter
928 684 1088 762 doceatur,
1136 688 1277 769 ubi-ait:

127 817 254 877 magnae
275 809 446 875 temporum
471 789 655 852 mutationes
673 800 767 870 atque
787 786 912 868 frigoris
933 801 963 850 et
982 799 1082 850 aestns
1102 800 1132 849 et
1154 790 1276 872 reliqua

128 897 306 960 erratione
336 894 458 975 gravius
489 889 637 955 incidunt.
693 893 851 953 Praeterea
883 910 948 952 ram
978 893 1157 966 coelestem,
1190 893 1278 956 cuius

128 1001 259 1083 qualitas
280 998 457 1061 hominibus
479 995 631 1075 incognita
652 1007 707 1072 est,
729 1015 791 1057 nou
812 991 895 1055 iilud·
914 1014 1004 1074 posse
1025 993 1110 1077 quod
1130 997 1210 1057 coeli
1228 997 1279 1059 in·

127 1103 282 1163 fluentiam
304 1123 322 1162 a
347 1098 569 1175 disertissimis,
599 1098 625 1160 si
646 1099 825 1161 Auernae
847 1094 1018 1174 credimus,
1048 1095 1196 1160 traditum
1225 1113 1278 1176 est,

128 1204 182 1286 qui
205 1201 312 1266 eodem
334 1202 514 1281 cognomine
535 1218 712 1282 asusmaym.
730 1199 750 1260 i.
771 1219 799 1260 e.
819 1199 949 1261 halitum
979 1199 1055 1260 coeli
1077 1196 1238 1282 eo,·quod
1260 1223 1278 1262 a

127 1305 279 1385 superiori
300 1303 406 1382 desset,
434 1300 595 1366 subaudita
626 1303 737 1364 etalio
762 1304 829 1364 loco
850 1299 940 1378 dicit,
960 1300 1084 1363 rainoni
1106 1315 1136 1364 et
1154 1304 1278 1364 asuhnb

127 1405 260 1469 indicare
294 1426 414 1467 sarisam
447 1404 569 1467 intumo
608 1403 796 1485 pestilitatis,
817 1414 992 1486 ··sequutus
1022 1403 1193 1480 Gsrannss,
1223 1406 1279 1489 qui

127 1529 191 1569 rem
212 1509 372 1569 coelestem
393 1507 425 1569 in
447 1506 647 1588 prognosticis
668 1507 707 1567 ab
729 1506 926 1566 Hmrncstrs
953 1516 1104 1585 acceptam
1126 1504 1210 1568 haud
1231 1528 1278 1569 se·

30 1630 33 1636 ·
128 1629 181 1670 cus
214 1608 450 1690 interpretatur,
495 1630 601 1692 quam·
627 1606 857 1690 dispositionem
895 1607 1158 1670 circumcurrentis
1188 1610 1278 1685 aean,

129 1711 185 1792 qui
204 1713 447 1773 testeLucunmo
461 1711 666 1793 appellatione
687 1709 764 1773 coeli
786 1709 896 1771 merito
912 1709 995 1772 venit
1016 1721 1046 1771 ct
1062 1711 1275 1774 Hnrocntrss

40 1790 43 1801 ⁴
96 1867 99 1871 .
127 1811 225 1873 aliubi
236 1810 428 1895 delirationem
450 1808 737 1893 indaflationomqus
756 1811 957 1889 cognominat.
1000 1811 1038 1872 Et
1059 1831 1165 1874 revera
1187 1830 1277 1892 prae-

129 1915 220 1977 terire
241 1935 304 1976 uon
326 1913 465 1977 debuerit
487 1914 722 1976 cascrnientibus
743 1913 840 1974 octriis
861 1934 974 1974 numen
996 1933 1087 1974 suum
1098 1915 1277 1979 conciliato·

129 2038 194 2077 rem
215 2019 299 2078 hunc
319 2016 494 2079 A‘vrcsnrsn
525 2016 627 2078 iocum
658 2027 910 2096 pertractantem,
943 2014 999 2097 qui
1029 2035 1062 2076 se
1092 2028 1219 2096 paterne
1246 2033 1277 2082 et

130 2132 163 2180 ut
181 2117 304 2181 decebat
323 2119 501 2199 magistrum
522 2116 746 2194 admonuisset,
767 2117 955 2198 incognitum
976 2115 1058 2178 idem
1081 2138 1168 2197 posse
1190 2120 1276 2201 quod

130 2240 192 2280 nou
212 2222 396 2284 considerari
416 2245 435 2284 a
456 2219 589 2282 anaticis.
633 2220 735 2282 Venio
755 2241 836 2281 nunc
857 2219 896 2281 od
916 2217 968 2296 id,
988 2218 1073 2302 quod
1094 2221 1127 2280 in
1148 2223 1280 2303 epistola

131 2323 279 2385 iacturum
301 2346 350 2386 ma
370 2321 541 2406 spopondi,
572 2323 598 2384 si
618 2335 706 2383 antea
735 2322 839 2398 omisi,
868 2322 979 2386 scilicet
1006 2321 1182 2403 singulatim
1205 2346 1280 2407 pro-

130 2425 234 2502 palare
255 2427 402 2488 immanes
423 2445 494 2486 snos
519 2445 637 2486 errores
659 2426 745 2487 nullo
779 2425 921 2504 ingenio,
952 2428 1039 2487 nulio
1070 2429 1193 2506 labore,
1223 2450 1279 2492 nec

132 2526 201 2586 ullis
221 2527 317 2590 literis
338 2527 807 2610 comprehensibiles,quornm
836 2529 887 2590 hic
913 2548 975 2590 non
1007 2529 1155 2591 minorem
1187 2533 1277 2595 attin-

130 2654 216 2712 gam,
239 2630 310 2707 ubi,
330 2644 362 2693 ut
385 2627 432 2692 me
454 2631 629 2706 convincat,
662 2630 789 2691 omnino
812 2651 873 2691 nou
896 2652 959 2693 esse
980 2632 1155 2712 subiungit,
1184 2631 1276 2717 quem

131 2737 221 2796 intere
259 2746 374 2813 potest,
410 2731 560 2825 medicum
591 2745 711 2812 praeter
738 2735 899 2815 qualitates
926 2734 1098 2797 manifestas
1129 2739 1277 2821 occuitum

130 2856 249 2897 carinam
271 2837 302 2896 in
327 2838 383 2896 hoe
405 2835 513 2896 morbo
540 2835 678 2915 reperiri.
728 2833 756 2899 Ο
777 2833 922 2914 grandem
956 2836 1089 2898 hominis
1110 2837 1276 2902 incuriam!

130 2939 242 2999 Altiori
255 2937 335 2999 eninr
355 2935 456 2999 credat
469 2937 530 2997 sibi
546 2957 624 3017 opus
640 2934 792 3015 indagine,
814 2959 908 3020 quam
926 2939 1077 3018 incognita
1095 2939 1224 3018 medico,
1244 2944 1276 3004 in

130 3053 278 3122 qnantum
307 3039 483 3115 talis,.non
511 3042 606 3101 latere
627 3037 780 3102 medicum
800 3061 950 3121 asserere,
978 3055 1008 3105 et
1035 3045 1275 3122 propositionem

129 3144 229 3225 (onius
250 3166 351 3228 neque
369 3144 538 3207 subiectum
560 3147 610 3206 rei
629 3142 835 3225 praedicatum
855 3142 990 3207 medicus
1003 3144 1138 3206 fortassis
1161 3165 1275 3227 cogno·

129 3249 197 3322 scit,
219 3269 319 3330 noque
342 3247 422 3309 inter
443 3270 476 3310 se
488 3270 528 3310 ex
548 3260 656 3310 natura
668 3247 715 3309 rei
735 3246 841 3310 eadent
863 3247 947 3332 sunt)
969 3269 1025 3328 per
1046 3261 1190 3310 senotam
1210 3271 1275 3313 me-

128 3347 196 3407 dico
216 3346 334 3409 dicere:
363 3361 468 3428 utpote
497 3351 600 3426 iliam,
617 3351 746 3412 'morbus
774 3351 899 3430 gallicus
920 3351 1182 3412 habetoccultam
1205 3375 1276 3414 cau-

129 3467 202 3507 sam.
255 3448 338 3508 Num
361 3451 792 3527 unquentum-Gnaeum,
813 3455 934 3528 Risus,
965 3455 1170 3528 Avrcsnnsn,
1198 3467 1275 3517 cete·

130 3569 201 3622 ros,
228 3569 306 3631 quos
327 3552 414 3612 iotuit
437 3554 511 3613 isaeo
531 3556 647 3613 occsdta
669 3575 772 3629 carna,
802 3555 936 3618 medicos
957 3558 1050 3618 fuisse
1073 3554 1274 3636 negabimus?

128 3653 267 3714 Miniuta.
289 3686 292 3691 ·
310 3653 420 3715 Nonne
440 3653 483 3715 sic
505 3653 614 3716 medici
637 3654 838 3720 consideratio
860 3656 1125 3735 nedumseusum,
1146 3671 1179 3720 ut
1195 3661 1273 3719 Ham

128 3759 212 3834 ruit,
246 3755 298 3819 sed
331 3755 479 3818 rationem
510 3769 603 3838 atque
631 3758 815 3820 intellectum
847 3759 1095 3823 transcenderet?
1148 3760 1273 3838 Utique.

130 3855 264 3919 Facessat
284 3857 378 3936 igitur
399 3858 661 3938 arrogantissimus
683 3859 751 3936 iste,
771 3861 827 3941 qui
841 3882 901 3922 non
917 3862 1019 3924 minus
1032 3860 1163 3940 turpiter
1178 3879 1273 3938 quam

128 3957 233 4038 inique
252 3971 468 4022 sacrosanctam
494 3958 674 4022 medicinam
696 3975 724 4023 et
745 3964 984 4045 eiusprincipcs
1007 3963 1167 4043 praecipue
1194 3960 1274 4022 reie·

128 4057 240 4122 reudos
259 4061 450 4144 coinquinat,
480 4075 584 4142 postea
606 4077 707 4125 tamen
728 4066 830 4144 ipsum
852 4088 883 4126 se
904 4063 1010 4127 eodem
1037 4086 1141 4126 errore
1171 4077 1273 4127 conta·

129 4161 240 4237 minat,
268 4184 336 4224 cstrn
363 4163 445 4224 enirn
471 4165 624 4242 incognita
653 4167 756 4228 multis
781 4167 946 4231 ostendisse
977 4187 1009 4227 sa
1038 4170 1117 4230 salso
1142 4168 1272 4231 iactare·

127 4263 183 4341 rit,
204 4286 239 4327 ea
259 4261 297 4326 ad
315 4274 438 4327 sensum
453 4278 608 4342 constare,
631 4279 663 4329 ut
686 4269 741 4350 qui
763 4291 798 4332 es
819 4284 925 4350 negat,
947 4289 1070 4332 sensum
1094 4282 1203 4349 negat,
1224 4293 1272 4333 us-
