2806 4800
554 130 591 199 1⁴¹.

663 254 737 331 105

1197 334 1221 387 b

130 447 213 507 olera
222 439 433 521 dimittantur,
453 462 534 520 cum,
554 441 702 510 tuma·
721 451 809 522 teste,
828 439 931 506 omnia
949 452 1072 524 praeter
1089 428 1267 507 teman.

128 548 171 611 tia
192 557 339 630 generant
359 542 580 609 melancoliam.
665 590 669 599 .
755 604 758 611 ,
1188 580 1191 585 .

213 705 297 775 Inter
317 699 619 784 radices-aliquando
647 699 853 767 conceduntur
872 702 1042 784 pastinacae
1061 702 1139 764 bens
1160 712 1270 783 cadas,

127 801 284 866 interdum
304 803 377 886 napi
397 815 428 866 et
447 824 540 884 rapae
560 824 631 866 cum
651 805 794 889 carnibus
814 804 905 867 etiam
925 805 1041 886 optime
1060 788 1178 886 coctae,
1197 824 1269 865 raro

129 918 231 968 tamen
251 926 319 968 usu.
370 905 453 968 Inter
473 905 590 979 fructus
611 904 704 968 laudo
733 927 808 971 uvas
824 907 902 968 bene
922 918 1073 983 maturas,
1094 902 1271 989 amygdalas
1339 924 1343 933 ·

129 1006 233 1072 dulcet
250 1021 398 1087 recentes,
418 1029 483 1070 nou
502 1007 641 1072 rancidus
647 1053 662 1095 ,Ι
691 1031 766 1075 rtvas
786 1029 907 1091 passas,
932 1029 996 1071 non
1012 1007 1104 1071 nimis
1130 1008 1270 1090 pingues,

128 1111 245 1192 pineas,
263 1111 385 1187 isticce,
406 1122 540 1190 granata,
562 1129 656 1191 poma
676 1111 816 1174 curantia
836 1109 936 1172 dulcia
957 1123 988 1173 et
1007 1129 1098 1174 muza
1126 1121 1155 1172 et
1175 1109 1270 1172 inter·

128 1209 204 1274 dum
231 1222 330 1296 poma'
353 1215 491 1277 mariana
519 1226 549 1278 et
575 1214 727 1278 avellanas
756 1214 847 1278 siccas
876 1212 1070 1278 excorticatas
1077 1235 1104 1295 3-
1124 1208 1179 1275 sed
1205 1230 1269 1273 non

127 1334 219 1381 nuces
239 1304 432 1397 communes,
452 1315 577 1381 dactilos
600 1331 694 1405 atque
713 1318 798 1382 ficus·
970 1324 971 1331 ’

211 1472 261 1536 Dc
280 1476 404 1538 ferculis
426 1471 602 1538 conceditur
619 1475 740 1556 ptisana
767 1492 830 1536 non
851 1471 948 1536 cclata
974 1471 1040 1536 sire
1060 1472 1131 1553 puls
1159 1467 1271 1533 bordei

128 1581 158 1635 et
178 1576 250 1654 puls
267 1574 306 1639 de
327 1579 409 1640 farre
428 1579 543 1659 speltae
565 1588 620 1639 aut
646 1596 779 1654 arenas,
812 1585 866 1637 aut
888 1574 979 1638 etiam
1008 1570 1048 1635 ds
1075 1573 1142 1636 sius
1161 1572 1270 1634 larius.

127 1674 212 1736 Dum
233 1688 336 1739 tamen
357 1698 454 1742 arena
483 1697 545 1740 non
567 1677 607 1740 sit
626 1679 761 1738 multum
782 1686 906 1739 erasm:
932 1674 1024 1736 aliter
1044 1672 1127 1743 ssim
1145 1694 1272 1754 genera·

128 1787 176 1836 ret
195 1779 415 1842 melancoliam.
435 1808 438 1813 ·
457 1779 537 1842 Sunt
558 1779 649 1842 etiam
672 1779 733 1840 alia
753 1778 887 1857 ternus,
906 1790 1014 1859 utpote
1034 1798 1114 1861 quae
1133 1775 1211 1839 fiunt
1231 1773 1271 1837 de

129 1876 215 1953 cris,
237 1876 276 1939 de
294 1881 356 1941 riso
378 1880 455 1940 bene
477 1880 624 1940 concta
643 1877 774 1955 brodio,
805 1898 868 1942 non
887 1892 991 1942 autem
1010 1880 1044 1941 in
1064 1882 1159 1956 laus,
1180 1891 1210 1941 et
1231 1875 1271 1940 de

128 1979 197 2041 aliis
217 1981 330 2057 rebus,
350 2000 436 2063 «guae¹
450 1979 477 2042 si
497 2001 590 2060 supra
607 1999 674 2045 ,non
694 1981 754 2042 sint
774 1983 883 2057 vetita,
910 1981 945 2041 in
964 2002 1074 2062 genem
1101 1983 1152 2046 vel
1171 1981 1272 2060 specie

129 2082 240 2144 omnia
266 2079 475 2145 admittantur.
541 2082 603 2144 Lac
631 2093 734 2143 autern
767 2102 865 2163 quum
896 2103 967 2145 raro
996 2085 1075 2147 bene
1110 2081 1272 2162 digeritur,

127 2179 199 2245 ideo
219 2182 286 2247 sius
306 2202 396 2246 usum
419 2182 572 2264 vituperat
591 2185 704 2261 Zona,
724 2204 826 2266 neque
845 2203 902 2263 ego
922 2182 1032 2264 laudo,
1059 2183 1119 2247 nisi
1146 2183 1273 2247 assuetis

128 2281 169 2346 ad
196 2285 318 2367 ipsum,
357 2285 543 2348 habentibus
569 2288 740 2349 stomachos
768 2299 952 2368 temperatos
982 2299 1013 2349 st
1038 2285 1188 2364 mundos,
1215 2286 1272 2369 qul

129 2407 197 2448 cum
217 2389 278 2451 hoc
296 2389 387 2452 etiam
407 2400 478 2470 post
499 2389 564 2451 eius
585 2389 792 2470 sumptionem
814 2408 848 2451 se
860 2391 939 2451 bene
958 2402 1078 2469 regunt,
1099 2409 1162 2451 non
1181 2408 1272 2451 oxma·

128 2488 249 2553 citando
269 2512 319 2569 se,
340 2511 396 2553 nec
416 2488 616 2569 dormiendo,
644 2507 702 2554 nec
729 2492 825 2554 alium
853 2493 956 2554 cibum
977 2489 1144 2568 sumendo,
1175 2488 1272 2553 donec

127 2593 168 2656 sit
189 2590 356 2674 digestum,
389 2592 466 2656 sicut
485 2594 597 2655 Mesua
616 2593 651 2654 in
680 2595 814 2676 capitulo
843 2591 882 2656 de
914 2595 1033 2676 phthisi
1052 2606 1084 2656 et
1109 2593 1270 2655 Avrcnnss

127 2695 261 2761 secundo
282 2714 398 2759 canons
428 2697 628 2778 praecipiunt.
678 2699 741 2760 l’ro
767 2708 845 2778 potu
875 2695 969 2759 laudo
989 2697 1098 2760 sinum
1126 2697 1191 2757 albi
1221 2696 1272 2758 vel

127 2797 223 2862 medii
241 2799 371 2876 coloris,
402 2794 487 2883 quod
508 2800 542 2861 in
562 2819 672 2880 sapora
691 2800 732 2862 sit
751 2816 865 2875 suave,
890 2819 953 2861 non
972 2820 1041 2862 aare
1068 2799 1119 2861 rel
1138 2799 1271 2861 multum

128 2898 233 2977 dulce,
263 2898 297 2960 in
317 2911 412 2963 aetate
438 2901 555 2963 circiter
575 2922 691 2963 annum
710 2913 764 2964 aut
790 2900 926 2983 amplius
953 2914 984 2963 et
1007 2902 1047 2962 in
1066 2900 1181 2964 virtute
1206 2920 1272 2963 ms·

129 2999 244 3064 discret
272 3000 358 3086 quod
379 3004 405 3066 si
426 2995 506 3067 ¹forts
527 3006 636 3082 interit,
657 3006 836 3087 limphatur.
880 3003 1036 3073 cnemis
1057 3005 1148 3066 stiam
1170 3004 1271 3068 tenuis

127 3115 160 3165 ct
178 3105 258 3166 clara
277 3125 337 3186 pro
357 3107 494 3169 colericis
514 3119 545 3169 et
565 3108 715 3171 calefactis
735 3119 846 3169 aestate
863 3104 987 3167 concedi
1006 3117 1116 3186 potest.
1159 3107 1272 3186 Repls·

127 3204 172 3267 tio
200 3207 356 3290 quaelibet
373 3219 475 3290 atque
497 3210 622 3288 crapula
656 3220 687 3269 et
708 3208 838 3268 ebrietas
866 3206 984 3280 omnis,
1007 3203 1152 3287 (quibus,
1188 3205 1271 3284 prob

127 3306 234 3385 dolor,
255 3310 441 3371 omniafere
459 3310 544 3370 natio
565 3307 727 3388 depravari
744 3305 867 3390 incipit)
888 3308 942 3381 fest
962 3306 1131 3388 plurimum
1152 3306 1272 3383 nodva,

126 3410 305 3490 praesertim
326 3410 353 3470 si
372 3409 424 3471 iet
452 3430 493 3470 ex
522 3409 599 3472 cibis
621 3408 749 3474 diversis
782 3423 812 3475 et
832 3411 926 3473 variis
945 3411 977 3472 in
1000 3431 1056 3473 sua
1078 3423 1187 3475 natura
1215 3425 1271 3475 sut

126 3513 219 3575 ctiam
239 3513 272 3572 in
293 3509 385 3574 modo
405 3512 662 3593 praeparationis,
683 3525 715 3577 et
734 3534 771 3577 eo
791 3516 904 3596 magis,
925 3515 952 3578 ei
972 3513 1153 3578 condiantur
1172 3511 1270 3577 dulei·

125 3617 185 3676 bus
207 3627 238 3678 et
257 3614 445 3676 aromatibus
466 3614 570 3677 acutis.
613 3612 744 3697 Oportet
763 3638 854 3699 ergo,
879 3631 914 3682 ut
933 3620 1016 3682 uam
1036 3620 1166 3683 Marsas
1186 3617 1270 3695 dicit,

124 3719 280 3780 retrahere
301 3736 409 3779 mansas
428 3738 456 3796 ‚a
482 3719 574 3780 rebus
603 3716 759 3783 dulcibus·
775 3718 965 3798 castellatis,
998 3721 1112 3804 quibus
1140 3733 1269 3782 utuntur

125 3822 238 3899 gulosi:
271 3818 354 3882 ande
369 3832 470 3902 patet,
498 3821 583 3904 qarod
611 3847 630 3886 a
657 3826 762 3887 tabula
783 3823 969 3904 surgendum
997 3837 1043 3888 est
1069 3843 1139 3885 cum
1161 3822 1268 3903 aliquo

124 3924 262 4002 appetitu
282 3923 404 4002 rigente
423 3921 463 3983 ad
483 3925 585 3985 cibum
611 3937 641 3987 et
660 3938 778 4005 potum.
820 3926 892 3987 Non
913 3938 1077 4006 propterea
1088 3918 1182 3985 laudo
1199 3933 1269 3982 tsn-

126 4036 188 4086 tam
212 4023 332 4102 iniungi
351 4024 580 4100 abstinentiam,
601 4037 636 4086 ut
656 4023 728 4086 inde
749 4021 928 4088 debilitatur
947 4026 1063 4098 virtus,
1087 4041 1199 4102 corpus
1218 4023 1268 4084 iu·

125 4124 298 4185 flammetur
323 4136 353 4185 et
377 4126 523 4187 humores
554 4138 756 4187 exacuantor:
788 4123 841 4187 sed
873 4122 1008 4186 medium
1038 4125 1164 4186 consulo
1187 4124 1268 4187 inter

126 4226 202 4286 haec
221 4227 393 4305 observari,
413 4228 456 4291 ita
476 4228 606 4305 scilicet,
624 4226 709 4311 quod
731 4248 795 4292 non
814 4222 866 4290 iiat
889 4239 972 4289 tanta
992 4225 1138 4308 repletio,
1163 4241 1198 4291 ut
1218 4225 1267 4288 di·

125 4327 272 4410 gestirem
293 4330 437 4395 rirtutem
461 4344 582 4412 gravet,
603 4350 658 4392 nec
679 4343 763 4394 tanta
783 4328 948 4401 subtractio
966 4343 996 4395 st
1018 4329 1156 4408 inmitia,
1180 4325 1266 4411 quod
