2806 4800
614 232 688 309 tut

81 452 144 516 que
163 426 330 493 curationis
351 411 449 504 eapite
470 420 618 482 collocare
636 415 748 497 nudet,
767 415 996 500 ·quotl··passim
1016 414 1062 481 ds
1082 420 1226 482 tertione-

80 536 136 597 riis
157 528 302 595 merrus
324 539 359 588 ut
379 523 507 587 omniuo
532 520 733 594 dissimilibus
750 518 930 584 uerendum
953 519 1122 586 districtius
1136 521 1226 605 prosi

80 633 165 718 cipli.
218 628 311 706 Quod
332 629 358 689 si
378 625 552 693 aestimbtte
576 621 784 712 similitudinis
805 642 878 686 sune
909 624 1126 691 ssdsimsutum'
1149 629 1227 688 bens

81 741 307 818 diligenterque
326 725 558 801 consideretur,
594 725 694 786 nihil·
715 738 795 786 certe
826 723 912 786 aliud
926 758 930 763 ·
942 724 1038 808 quam
1063 720 1228 812 utriusque

82 840 282 904 identitatem·
310 831 466 911 aptissime
495 825 667 906 eouleudit3
710 840 790 911 turn
808 825 894 910 quod
931 829 1227 892 numero···sandem

84 941 240 1004 materiem
260 937 324 998 scil.
345 932 556 993 melancoliam
577 928 716 992 adustam
738 927 791 1009 (ds
810 926 881 1012 'qua
901 922 1145 1012 lqsmetgenltds
1164 934 1227 1009 esl)

84 1045 193 1106 morbo
213 1039 320 1127 gallire
338 1047 457 1096 tanturn
478 1043 674 1112 approperat,
696 1028 765 1091 dein
779 1028 863 1112 quod
885 1029 1109 1101 deformitatem
1131 1032 1229 1096 trodo·

82 1166 172 1220 rum,
188 1122 272 1225 quae
292 1139 341 1216 (ut
360 1135 506 1214 balbutit)
529 1134 562 1193 iu
583 1131 713 1214 leprosis
734 1145 808 1208 est,
825 1133 922 1195 veluti
943 1133 1089 1197 unitule'm
1111 1131 1228 1205 lurtbnb

81 1249 238 1329 utrimque
264 1234 461 1322 superaddit,
496 1238 568 1305 licet
597 1233 698 1320 (qued
726 1249 797 1297 ante
825 1233 865 1297 de
896 1235 982 1298 lehre
1012 1238 1172 1318 pestilente
1200 1253 1230 1301 et

81 1349 113 1412 id
135 1368 230 1429 genus
250 1338 392 1424 senserit)
412 1342 539 1403 morbus
561 1342 687 1421 gallicus
712 1342 825 1400 malam
845 1339 1033 1422 qualitatem·
1045 1337 1228 1409 venenosum

81 1442 388 1534 tepras'acenmulet:
412 1464 491 1526 quoe
512 1462 581 1505 urm
602 1443 679 1504 false
697 1461 761 1503 esse
782 1439 936 1518 diximus,
965 1443 1020 1503 ubi
1039 1442 1229 1507 ostendimus

82 1548 305 1633 morbt'gsttict
336 1548 487 1629 pustulas
502 1566 542 1607 ex
564 1545 650 1608 veria
669 1545 857 1606 ‘humorum-
872 1538 1088 1625 surreptione,
1116 1548 1229 1607 llresn·
1338 1561 1343 1574 “

83 1676 198 1734 entur,
222 1656 366 1726 Guneus,
390 1646 508 1710 ueteris·
522 1645 917 1726 ut'strpervnmueemissa
939 1645 1072 1710 facimus
1101 1647 1141 1710 ad
1165 1651 1229 1712 slis

81 1752 297 1824 &sonantur-'¹
328 1754 408 1816 Nam
438 1748 524 1830 opud
551 1749 734 1812 Arteman
762 1745 849 1808 nodi
873 1749 967 1829 (quos
999 1746 1167 1813 declarator
1196 1752 1229 1813 in

82 1852 510 1942 sritpnzqtueritlproptium
523 1850 701 1932 capitulum·
712 1847 879 1926 vindicant,
897 1851 987 1913 euius
1005 1849 1097 1914 radix
1116 1854 1229 1934 pituita

79 1958 259 2044 est,⁷quod
279 1980 342 2021 una
364 1957 541 2036 eumlepra
561 1974 625 2016 non
653 1951 800 2016 mediocri
826 1951 1007 2018 reremedio
1041 1957 1229 2021 confundens

83 2084 140 2147 per
159 2064 312 2142 intsgmm
324 2070 492 2121 -truotntum
514 2055 651 2120 connivit
667 2055 768 2125 ¹oerrlis
788 2056 948 2119 tmnsiliitt
975 2057 1159 2122 Avrcnruuu
1180 2061 1229 2123 iu·

82 2184 177 2247 super
196 2163 325 2231 distorta
343 2184 400 2226 sus
425 2162 618 2242 expositione
644 2162 825 2240 obnubilet,
854 2157 1012 2242 pertundit
1035 2162 1133 2246 'etque
1157 2187 1230 2246 per·

84 2266 348 2346 stringit,‘dioens,
369 2285 432 2327 non
453 2266 575 2326 obstare
595 2265 703 2342 etiam,
724 2265 803 2327 siin
824 2266 910 2346 lepra
931 2283 994 2327 non
1015 2284 1139 2347 semper
1155 2267 1230 2332 fiunt

85 2367 397 2450 putredines,=nthito
419 2367 523 2428 minus
543 2365 682 2429 hanc-de
702 2366 864 2449 putredine
884 2366 1068 2429 concinnari.
1110 2368 1187 2448 Sed,
1210 2390 1230 2433 o

83 2469 157 2534 dire
177 2469 551 2553 numios,·qui·unqunm
572 2468 638 2529 lieri
655 2478 774 2550 polest,
792 2483 826 2532 ut
845 2470 981 2550 ignoret,
1003 2467 1088 2552 quod
1110 2477 1229 2538 tantetsi

82 2571 259 2654 putredines
288 2590 413 2652 semper
440 2572 473 2635 in
510 2574 597 2652 lepra
630 2571 714 2634 liunt·
731 2571 886 2656 (alioquin
922 2573 1114 2652 leprosorum
1129 2577 1231 2642 -sedes

84 2677 185 2739 minus
205 2673 385 2757 foeterent),
416 2692 480 2736 non
512 2684 615 2735 temen
643 2694 684 2736 ex
713 2675 773 2735 lton
802 2674 907 2752 colligi
940 2676 1098 2738 materiem
1119 2681 1231 2759 leprae

83 2775 350 2860 puiuidam-esser-
369 2779 549 2839 Assoruran
568 2798 702 2860 nemque
719 2797 815 2840 renus
837 2777 1005 2841 intellectus
1026 2791 1088 2855 est,
1115 2783 1230 2843 melan-

85 2878 183 2943 coliae
202 2899 264 2942 uon
285 2881 426 2941 natiralis
446 2893 622 2960 pertulum
654 2900 765 2961 eorpus
785 2878 916 2942 diffusus
936 2877 1014 2942 dum
1045 2879 1153 2945 modos
1174 2886 1231 2947 lto·-

85 2984 170 3061 beri,
186 3004 300 3060 uuum,
321 2995 356 3045 ut
377 2984 409 3044 in
431 2981 516 3044 febre
538 2996 686 3066 quartana
693 3026 703 3062 ,
725 3003 805 3067 quae
825 2981 1019 3064 putredinem
1040 2985 1164 3066 recipit,
1185 2991 1230 3049 ul-

87 3101 206 3166 terunt,
231 3086 321 3153 ‘euius
341 3097 460 3155 nature
481 3088 673 3148 conculcatur
702 3089 754 3149 vel
781 3084 829 3170 (ut
858 3083 934 3148 alias
961 3083 1028 3168 sit)=
1045 3091 1231 3167 congeletur,

87 3189 121 3254 ut
141 3188 272 3274 nequeat
296 3185 467 3269 putredinis
491 3187 667 3250 vehiculum
689 3207 770 3261 esse,
798 3188 876 3250 sient
899 3189 932 3248 iu
961 3189 1047 3267 lepra
1074 3193 1231 3273 contingit,

81 3291 174 3376 quae.
187 3296 215 3354 si
234 3291 273 3352 de
294 3289 471 3353 melancolia
491 3289 659 3368 puuetacu
680 3288 893 3364 conficeretur,
920 3292 1088 3354 neeessario
1108 3301 1231 3376 sempe'r
1342 3356 1347 3363 ,

86 3414 155 3457 eum
177 3397 264 3474 lepra
284 3392 362 3454 eseet'
377 3390 482 3450 Jiebm's
495 3402 674 3472 quartanae
702 3389 775 3455 ubi.
796 3390 933 3470 prolecto
960 3415 1071 3456 caeme-
1088 3395 1231 3458 deelara-

87 3498 178 3559 tiouis
219 3494 356 3572 insigne
374 3490 520 3552 delirium
550 3491 753 3568 advertimus,
806 3514 887 3575 quae
918 3509 987 3575 post
1031 3500 1229 3579 multivagum

82 3596 156 3659 moli
175 3596 307 3657 ,hauriri
330 3592 527 3674 excogitatam
557 3593 790 3658 similitudinem
809 3593 932 3660 tandem
962 3600 1064 3680 ipsum
1091 3606 1229 3667 ulceroso

82 3718 190 3767 renero
211 3696 390 3778 comparare
409 3720 471 3767 non
493 3701 601 3763 erubet
621 3711 716 3783 utque
735 3700 961 3782 eorreptionem
979 3700 1015 3764 'et
1037 3705 1229 3784 putredinem

82 3803 307 3875 membrorum,
338 3820 421 3883 quse
438 3802 475 3861 -iu
494 3821 604 3864 canem
624 3799 815 3884 quandoque
833 3802 958 3879 eccidit,
990 3805 1029 3863 ab
1062 3807 1229 3875 intimorum

84 3905 283 3987 putrilegiue;
300 3902 381 3966 unde
394 3903 596 3968 coniiciuntur
608 3906 709 3967 morbi
730 3904 858 3984 putridi,
873 3906 1107 3984 interstinguere
1127 3908 1230 3970 umus.

86 4002 176 4081 llere,
192 4007 253 4087 'qui
274 4007 431 4070 illustrem·
445 4011 651 4072 leam-Ptousa
660 4050 668 4084 ,
683 4007 752 4088 -qui
768 4007 979 4075 'Leontosnuu
1006 4002 1230 4086 reprebendens

82 4101 194 4168 audet!
233 4105 349 4183 Quies
369 4113 450 4172 ultm
472 4110 548 4172 alios
568 4107 780 4171 demediciuu
803 4107 908 4170 iactet!
947 4104 1230 4180 ·Qttentunr··in·¹ee

82 4207 260 4289 profecerit,
278 4224 345 4287 ·ul,
376 4226 462 4294 quse*
484 4213 679 4275 elementario
716 4231 825 4290 puero
846 4212 999 4288 iueogtiita
1031 4208 1126 4270 baud=
1148 4205 1228 4284 sum,

83 4313 132 4374 vel
153 4312 303 4394 negliget,
325 4313 665 4377 rel²omnino²neseiutl
687 4338 730 4359 -κ
750 4313 853 4372 Cesset
866 4312 987 4388 igitur,
1008 4313 1142 4382 obsecro,
1165 4323 1226 4371 tam
