2806 4800
699 243 771 315 126

163 451 234 495 rom
254 448 321 492 ana.
365 427 594 491 Pulverisentur
615 439 645 488 et
666 428 847 490 misceantur
866 445 934 488 enm
946 426 1139 507 mustilagiue
1162 425 1201 489 da
1219 431 1309 512 psyl-

163 535 207 596 lio
227 544 280 594 aut
300 528 502 610 ioenugraeei,
520 531 571 593 rel
591 529 713 591 seminis
733 531 799 591 lini.
1237 521 1240 524 ⁴

248 634 329 697 Lem
357 636 493 696 ulcerosa
521 633 773 713 emplastrentur,
815 643 845 694 et
876 631 1038 712 uestigium
1077 633 1213 693 ulcerum
1241 653 1307 696 non

162 737 330 816 apparebit.
371 735 406 798 si
425 755 500 798 uero
519 747 603 796 tanta
623 735 717 797 inerit
736 735 846 796 ulceris
867 732 981 810 sordes,
1004 737 1127 796 alumen
1151 747 1254 796 ustum
1271 737 1305 796 in

161 838 313 918 principio
335 857 397 899 non
429 837 618 915 negligatur,
644 834 741 899 donec
775 834 911 916 deposita
930 837 1112 915 virulentia,
1145 839 1305 901 sufficienti

162 939 267 1000 habita
287 937 547 1014 mundificatione,
569 936 801 1001 consolidationi
822 940 907 1000 uleus
926 937 1058 1000 obediet.

247 1039 362 1101 Poterit
379 1037 447 1099 fieri
467 1037 592 1117 etistud
610 1050 816 1117 unguentum:
836 1039 1011 1114 R-Tlruris,
1033 1038 1175 1115 mesticis,
1193 1041 1304 1102 lithar-

162 1142 243 1224 gyrii
263 1160 322 1200 ana
341 1151 461 1220 partem
483 1160 593 1216 unam,
623 1140 767 1202 aluminis
788 1141 849 1202 usli
871 1153 991 1220 partem
1012 1153 1172 1224 quartam,
1202 1162 1305 1203 cerus·

161 1266 211 1307 ese
232 1253 351 1324 partem
371 1239 518 1319 mediam,
551 1241 741 1304 terbentiuae
761 1255 792 1305 et
813 1241 874 1306 olei
893 1244 994 1309 olivae
1022 1255 1172 1326 quantum
1191 1243 1305 1307 suflicit

159 1368 220 1428 pro
240 1355 407 1424 unguento.

208 1521 211 1531 ι
247 1449 297 1508 Ab
317 1457 443 1524 argento
457 1445 545 1521 rivo,
567 1459 716 1531 quantum
737 1447 915 1528 poterimus,
935 1469 1103 1525 caveamus,
1122 1449 1304 1529 praesertim

161 1551 239 1611 cirea
258 1547 414 1627 regionem
444 1549 592 1609 stomachi
613 1561 644 1610 et
670 1541 806 1630 hepatise
844 1561 875 1610 et
906 1549 997 1630 capiti
1027 1552 1196 1630 plurimum
1217 1552 1304 1612 obest

162 1649 366 1731 omnibusque
386 1649 498 1713 neruis.
761 1702 764 1707 .
1056 1673 1060 1679 ·

246 1751 473 1831 Aloe'paticum,
505 1752 648 1833 myrrha,
673 1753 795 1832 sangnis
817 1750 973 1832 draconis,
1003 1767 1151 1837 tanquam
1172 1753 1304 1815 familia·

160 1852 279 1914 rissime
300 1852 495 1928 exsiceantia,
516 1872 578 1913 nou
602 1866 673 1915 sunt
691 1853 911 1934 posthabenda.

245 1958 306 2017 Pro
327 1956 435 2017 ulceris
456 1937 639 2034 sigillatione
660 1958 784 2020 cortices
804 1959 956 2019 malorum
977 1969 1191 2037 granatorum,
1211 1956 1302 2018 flores

162 2057 312 2120 malorum
334 2062 529 2136 granatorum
558 2059 694 2138 primum
713 2062 815 2122 locum
837 2064 966 2122 tenens*

246 2160 448 2221 Defensivum
469 2162 601 2238 gutturis
622 2164 811 2240 etiaucium,
832 2184 871 2224 ne
892 2163 1076 2224 ulceratione
1095 2162 1301 2225 molestentur.

162 2261 199 2321 R.
220 2261 341 2341 Aquam
370 2279 510 2320 rosarum
532 2261 565 2320 in
593 2262 699 2342 aliqua
721 2260 790 2323 dosi
821 2275 851 2323 et
871 2264 1097 2345 aliquantulum
1126 2262 1251 2325 sumach
1272 2273 1302 2323 et

162 2360 298 2428 modicae
308 2358 498 2421 carnositatis
518 2361 636 2438 granati
656 2380 725 2423 ana.
761 2362 915 2425 Pietentur
935 2377 965 2427 et
978 2365 1109 2426 bulliant
1131 2383 1199 2426 cum
1222 2374 1303 2443 aque

125 2503 131 2514 ι
162 2472 272 2538 rosata,
293 2462 431 2522 colentur
451 2471 481 2521 et
500 2461 811 2548 infrigidentur,'quo
831 2464 884 2528 fiat
904 2467 1117 2544 gargarismus,
1138 2477 1301 2546 antequam

161 2563 265 2624 ulcera
284 2561 533 2640 supervenerint:
571 2561 626 2625 sed
645 2564 770 2626 illorum
791 2568 963 2646 praesentia
982 2566 1216 2630 mundificativis
1233 2585 1302 2629 cum

162 2663 295 2745 qondam
315 2662 420 2726 addita
441 2666 625 2746 stypticitate
645 2666 865 2747 procedas,'ut
884 2672 976 2731 melle
995 2682 1099 2732 rosato
1120 2682 1149 2730 et
1170 2667 1249 2728 aliis.
1302 2722 1305 2727 .

165 2771 167 2776 '
248 2768 296 2827 De
316 2767 366 2828 ltis
389 2768 536 2830 localibus
555 2767 712 2833 medicinis
733 2773 833 2833 nulla·
847 2783 928 2834 certa
947 2773 1062 2852 poterit
1089 2770 1155 2834 dari
1185 2771 1302 2848 regula,
1378 2817 1381 2822 .

161 2863 214 2928 sed
236 2867 355 2948 experti
374 2866 484 2931 modici
496 2869 627 2948 ,ingenio
645 2874 745 2936 omnis
765 2872 935 2936 limitanda.
979 2893 983 2915 ¹

686 3009 782 3072 Finis.

453 3145 636 3225 Impressum
657 3147 796 3210 Viennae
817 3167 873 3229 per
892 3147 934 3208 lo.
958 3145 1014 3207 W.
1071 3212 1073 3215 ,
