2806 4800
615 262 690 333 233

84 418 229 509 molitiem
251 456 461 521 convertetur,
481 463 543 507 non
564 441 652 523 ideo,
675 443 748 526 quie
767 442 873 528 eliqua
892 465 1016 510 sucrum
1042 449 1225 531 qnslitetcm

84 551 194 612 lortior
203 551 292 611 isctc„
303 546 564 610 vsldcsectmdum
576 559 771 627 augmentum
786 550 837 611 vel
847 545 1090 627 diminutionem,
1110 565 1141 613 st
1152 554 1227 614 hese

84 665 129 717 est
147 651 329 734 pestilentias
364 651 455 726 Ecce,
475 649 527 710 hic
545 669 615 710 cum
634 649 740 712 ceteris
760 649 790 711 si
803 662 902 711 tecum
920 649 1055 723 sentiret,
1074 653 1226 736 nusqns'tn

83 753 311 834 opposuissem
363 751 536 813 linteones
563 751 653 813 etism
683 752 806 814 morbos
833 751 993 831 pestiferos
1016 752 1106 814 tertie
1132 746 1228 834 perti·
1341 814 1348 840 ,

84 857 154 918 culs
172 855 424 935 spherismorem
457 853 519 913 noti
559 850 708 914 intendit:
741 852 967 932 apertissimum
999 865 1061 929 eet,
1091 854 1226 916 lensium

85 957 311 1019 Ancxnrnuncc
330 969 359 1017 et
380 955 520 1016 thmo
541 965 636 1031 teste,
666 973 735 1014 cerm
748 951 796 1015 ds
817 953 1052 1033 perticulsribue
1073 966 1105 1016 et
1125 953 1227 1017 direr-

85 1060 125 1121 sis
147 1060 328 1123 morbisilsi
347 1061 510 1140 loquetur,
539 1055 636 1118 immo
662 1057 696 1116 in
725 1056 813 1116 libris
833 1053 1062 1135 epidimicrum·
1077 1055 1119 1117 dc
1134 1055 1228 1136 pesti·

83 1162 156 1222 ieris
187 1173 218 1224 st
246 1159 413 1242 cpid'nnicis
440 1159 653 1240 pemctsvicz
680 1154 793 1240 quodsi
823 1158 902 1219 libet
927 1155 1049 1234 videre,
1076 1163 1228 1220 cominen-

82 1262 166 1326 te'tcr
184 1263 252 1343 ipsc
271 1260 401 1325 feminis
423 1262 576 1322 lonsrrrs
587 1262 830 1323 Amnrnmnns
844 1260 936 1340 plene
955 1257 1108 1321 disseruit.
1149 1261 1228 1322 Aer·

83 1346 179 1428 cerm
190 1367 356 1445 stinmpsr-
369 1383 542 1446 nemmeym
554 1383 678 1426 ceusem
690 1365 851 1426 coelestem
861 1362 947 1439 velit,
960 1373 1071 1443 operte
1084 1359 1230 1442 fingebas,

83 1488 150 1530 cum
167 1467 299 1531 secunde
317 1466 420 1548 primi,
442 1469 498 1529 ubi
513 1487 686 1549 emumeym
700 1486 796 1546 genus
808 1465 892 1528 renti
902 1467 1009 1542 voluit,
1035 1486 1097 1529 non
1107 1484 1227 1527 cscsom

82 1570 240 1636 cutientem
254 1571 453 1651 nttnmpevit.
495 1570 560 1634 Nec
580 1555 970 1654 expositorum·,-quicqucm
986 1569 1070 1631 eliud
1092 1586 1228 1652 unqtmm

83 1675 185 1736 scneit.
239 1670 406 1737 ueremi
427 1674 519 1736 etism
541 1671 614 1736 dicit
633 1673 917 1755 royoni,·-csul1ub
953 1671 1089 1737 indicent
1115 1671 1230 1734 indice·
1358 1685 1364 1699 ’

83 1777 285 1838 tionccsusoe
300 1789 432 1856 pestemt
454 1794 517 1837 non
537 1776 679 1858 seqnitur
702 1796 742 1837 ex
763 1777 830 1851 hoc,
853 1775 920 1855 ipse
939 1775 1024 1846 velit,
1044 1794 1149 1836 cottone
1170 1777 1231 1838 sint

84 1879 237 1953 coelesteo,
257 1880 352 1941 immo
368 1878 466 1958 magis
484 1881 685 1956 elementales,
702 1900 776 1947 cum
796 1893 869 1942 sunt
891 1880 1099 1942 exhalationes
1115 1874 1232 1957 ignens,
1338 1916 1342 1924 ·

83 1999 181 2060 quere
202 1997 266 2040 non
284 1979 412 2059 proprie
431 1982 700 2042 censes-coelestes
724 1978 784 2041 diei
803 1993 941 2062 possunt.
982 1979 1042 2044 sed
1061 1979 1146 2063 quod
1165 1983 1229 2042 Gt·

84 2099 191 2141 mnus
220 2064 334 2159 primo·
354 2081 619 2160 prognosticorum
653 2083 832 2162 simpliciter
859 2094 894 2143 ut
933 2079 1067 2144 medient
1100 2085 1229 2163 loquens

84 2202 150 2242 rem
171 2182 329 2244 coelestem
349 2191 451 2244 ets-sm
474 2194 626 2264 exponet,
648 2185 792 2247 strictiori
814 2203 886 2246 usus
908 2195 953 2246 cst
971 2186 1104 2246 sensuali
1124 2186 1228 2264 cogni·

85 2283 168 2343 tione
177 2306 195 2357 ,·
206 2301 319 2345 verum·
332 2302 390 2346 nec
405 2292 509 2345 utrem
521 2283 711 2366 *simplicem
731 2285 785 2348 scd
807 2307 876 2348 cum
896 2284 1014 2348 iniluxc
1027 2287 1140 2350 virtute
1161 2308 1228 2352 coe·

83 2384 169 2460 lesti,
184 2402 276 2466 ‘quen
290 2393 355 2446 ‘ree
369 2383 460 2465 spud=
475 2399 556 2448 recte
582 2388 726 2469 physicos
747 2389 882 2451 coelectis
903 2409 960 2452 suo
990 2387 1083 2452 modo
1110 2412 1229 2460 nuncu·

32 2497 35 2503 '
82 2485 151 2566 peri
171 2485 293 2566 poterit.
348 2487 522 2551 Deinoum
543 2488 747 2554 ccndtncnnte
767 2493 941 2572 posuerim:
981 2494 1008 2556 si
1029 2496 1229 2556 melumlren·

27 2615 30 2620 v
82 2607 153 2647 cum
172 2585 212 2648 nd
224 2588 320 2666 'gcnus
328 2588 456 2672 aliquod
469 2604 704 2671 spostemetum,
714 2606 788 2672 pute
804 2595 1022 2671 exenthimete,
1035 2592 1159 2675 repleti
1180 2597 1229 2659 vel

81 2688 183 2766 eliud,
212 2689 410 2755 reduceretur
429 2708 556 2776 propter
583 2693 790 2760 diversitatem
820 2700 854 2760 in
882 2718 919 2761 eo
939 2701 1049 2760 morbo
1077 2718 1229 2778 apperen-

80 2803 158 2868 tem,
187 2803 261 2854 tunc
280 2793 414 2876 denique
441 2798 523 2869 ultre
544 2795 625 2860 lieu
651 2812 838 2880 apostemate
866 2803 1102 2863 venenositatem
1129 2822 1229 2884 quen·
1303 2845 1307 2850 ·

82 2891 153 2953 dnm
174 2891 318 2972 adderet,
349 2918 396 2958 cx·
411 2899 471 2969 hoc
487 2897 666 2963 *accidentis
692 2903 772 2962 mele
790 2917 833 2967 et
860 2901 994 2964 difficilia
1018 2902 1228 2987 sequerentur,

81 3007 116 3058 tu
138 2995 308 3075 meipsum
338 2999 480 3071 morbum
511 3003 720 3073 exentlrin'tnto
750 3001 864 3067 dixisse
892 3003 1013 3088 (inique
1033 3005 1119 3089 setis)
1147 3025 1227 3066 esse·

12 3136 14 3139 v
80 3099 178 3160 ruisti.
229 3097 371 3162 Mordem‘
390 3123 444 3164 ore
465 3115 519 3165 tuo
539 3104 689 3167 invective
710 3105 794 3168 haud
823 3126 934 3187 porum
956 3126 1005 3168 me
1033 3128 1156 3188 carpere
1175 3127 1226 3168 co·

80 3201 181 3278 nome,
215 3220 287 3261 cum
311 3204 455 3264 morbum
485 3224 551 3266 rem
574 3217 695 3285 praeter
716 3221 855 3270 naturam
877 3207 1030 3271 dicebam:
1068 3194 1224 3270 Gmmnue

80 3301 191 3366 etenim
213 3302 303 3362 tertio
326 3301 364 3362 de
383 3301 536 3366 accidente
563 3319 596 3368 et
614 3309 725 3370 morbo
747 3311 806 3370 ait:
837 3330 937 3389 omne,
957 3308 1042 3393 quod
1064 3324 1150 3375 extre
1171 3334 1225 3374 ne·
1292 3288 1298 3301 Ι

81 3415 181 3463 turam
198 3400 234 3460 in
256 3419 383 3479 corpore
403 3415 558 3481 mutetur,
586 3420 640 3470 etet
662 3409 720 3470 erit
741 3412 887 3488 morbus,
916 3425 968 3474 aut
989 3411 1126 3475 accidens
1155 3435 1223 3474 cum

80 3502 190 3563 morbo
211 3504 429 3582 concomitans,
448 3519 501 3569 eut
522 3530 628 3590 cause,
655 3534 735 3596 quae
755 3513 904 3578 antecedit
926 3517 1087 3595 morbum3
1114 3517 1225 3577 rectius

77 3606 184 3687 itaque
204 3607 348 3667 morbum
369 3628 433 3670 rem
461 3625 583 3692 praeter
611 3628 750 3678 naturam
780 3638 872 3701 quem
902 3622 1071 3681 ncturclem
1095 3620 1225 3701 quisque

77 3708 283 3788 nuncupabit3
304 3710 396 3772 etita
417 3715 606 3794 expositores
627 3718 819 3796 Amorursu,
832 3736 837 3747 '
849 3719 981 3783 sscttnde
999 3716 1111 3800 primi,
1141 3725 1224 3804 capi·

76 3812 142 3872 tolo
168 3811 290 3891 primo,
315 3811 466 3890 sentiunt,
494 3813 724 3897 dispositionem
754 3843 816 3884 non
837 3824 1006 3902 nstnrelem
1035 3837 1139 3885 contro
1167 3844 1223 3884 ne·

77 3921 177 3974 mmm
197 3911 310 3975 debere
330 3913 476 3996 intelligi,
507 3920 571 3983 nini·
594 3925 672 4006 ‘quis
697 3925 741 3988 its
764 3926 931 4004 vulgariter
959 3927 1154 4009 loqueretur,
1187 3936 1222 3986 ut

76 4031 140 4072 non
168 4021 306 4080 naturale
338 4031 369 4082 et
401 4035 506 4084 contre
541 4023 681 4088 neutram
709 4026 922 4106 confunderet,
964 4030 1046 4113 quod
1078 4027 1220 4114 equidem

77 4131 170 4194 quem
200 4116 368 4194 largissime
395 4133 426 4184 et
451 4124 555 4188 minuo
581 4128 775 4191 artificiosum
805 4144 917 4212 reputo
947 4131 1070 4194 dictum.
1132 4133 1219 4195 Facis

75 4211 147 4274 dein
158 4219 442 4283 convertibilitatem
461 4229 534 4289 sctis
554 4229 700 4310 ineptam,
710 4230 782 4295 cunt
794 4232 869 4296 dicis
884 4233 1116 4315 dispositionem
1129 4256 1219 4315 prce·

75 4328 122 4378 ter
141 4326 282 4377 nstumm
295 4330 334 4379 et.
345 4325 540 4389 essssttetsm·
552 4330 715 4395 tassionem
725 4334 938 4413 operationum
956 4335 1039 4401 idem
1057 4358 1137 4401 essee
1159 4340 1217 4399 tce
1286 4414 1288 4419 s
