2806 4800
249 184 271 227 4

662 223 737 298 247

125 413 224 475 omnis
246 413 282 472 er'
296 431 399 472 rerum
424 423 454 471 et
476 410 635 470 nominum
659 408 813 472 scientiae!
846 412 938 472 verba
967 430 1028 472 non
1049 416 1196 492 prensitare,
1228 427 1271 475 te-

125 535 240 595 nsaque
260 534 324 573 rem
349 513 460 572 miuus.
502 512 606 574 Nescis
628 511 690 575 duo
712 515 797 588 haec,
818 509 964 575 advenire
980 527 1053 594 puta
1075 527 1104 575 et
1125 516 1271 596 superad·
1311 512 1316 524 “

126 619 249 688 venire,
273 615 363 696 quasi
384 613 515 674 dixerim
533 615 775 697 metaphysicam
797 627 828 676 et
859 616 1034 696 physicam,
1055 617 1114 677 sibi
1142 619 1270 680 invicem

124 739 186 780 non
207 735 316 797 parurn
340 714 460 777 distare.
504 714 574 791 Quo
596 719 622 779 si
644 719 840 799 quempiam,
873 730 906 777 ut
939 718 996 778 tibi
1024 719 1057 778 in
1087 721 1160 780 hoc·
1179 719 1270 781 fidem

124 821 289 899 mancipet,
307 817 504 898 perduxeris,
526 820 710 902 aequitatem
732 820 787 880 lati
814 820 987 899 appellabo.
1039 818 1100 882 Sed
1126 822 1183 881 hoc
1204 842 1271 882 mo-

124 946 183 986 neo
202 921 353 985 studiosos
372 919 471 1006 (quod
483 925 722 986 Lunurnrmuus
738 919 876 1005 scribit):
897 924 1027 1001 praelati
1048 921 1185 984 doctores
1199 944 1271 1003 per-

125 1028 178 1087 tim
201 1026 338 1098 infautia,
369 1026 480 1104 partim
511 1026 579 1088 aevi
608 1027 657 1088 sui
679 1027 771 1101 vitio,
803 1025 978 1105 partimque
1000 1026 1116 1086 inscitia
1138 1046 1200 1086 non
1221 1046 1271 1088 so·

123 1131 190 1189 lum
210 1125 388 1205 epidcmiae,
408 1123 462 1187 sed
483 1127 615 1189 eliorum
636 1130 806 1190 inultorum
828 1127 953 1187 nomina
975 1128 1066 1188 etiam
1082 1128 1184 1206 inepte
1204 1149 1270 1190 sor·

125 1227 256 1308 dideque
276 1228 483 1305 inverterunt,
511 1231 687 1306 occasione,
725 1252 788 1312 qua
817 1229 877 1289 iam
900 1228 1017 1308 pridem
1041 1251 1081 1291 ex
1099 1229 1271 1290 innumeris

123 1331 366 1408 adnotavimus,
393 1332 473 1393 nrale
507 1332 568 1411 legi
607 1333 744 1394 Blitere
773 1330 856 1412 apud
889 1333 1005 1392 Arabes
1039 1329 1145 1410 primo
1169 1333 1272 1393 techni

123 1436 200 1495 circa
228 1433 442 1496 diffinitionem
482 1433 667 1510 medicinae,
702 1436 864 1496 anathema
901 1435 933 1494 in
966 1435 1271 1496 commentationibus

124 1539 243 1600 (innam
262 1557 357 1616 super
376 1537 541 1600 sententias
573 1539 778 1599 Hirroeuxrre
800 1551 831 1598 et
861 1537 934 1597 item
965 1539 1032 1598 luce
1062 1537 1217 1598 cavillanti
1237 1520 1276 1596 ,ns

123 1637 244 1702 iisdem:
266 1636 324 1703 hoc
344 1662 478 1724 usuique
502 1641 668 1718 novissimo
691 1661 795 1703 errore
816 1640 942 1722 qnidam
959 1654 1029 1702 tuae
1048 1642 1186 1702 factionis
1207 1662 1271 1701 rne-

124 1744 212 1806 dicus
228 1744 432 1804 hallucinatus
450 1741 589 1819 credidit,
610 1765 643 1805 se
663 1743 775 1807 vidisse
795 1741 900 1808 divum
923 1746 1035 1805 Lucan
1056 1745 1269 1824 evangelistam

124 1867 217 1927 super
245 1843 439 1923 aphorismos
474 1845 694 1920 Hrrrocuxrrs,
730 1866 796 1928 quo
827 1866 876 1906 me
898 1846 967 1927 (itto
1003 1844 1119 1907 diutius
1146 1857 1274 1906 conten·r

124 1948 228 2034 dente)
249 1945 288 2007 ad
308 1944 485 2007 sardonium
507 1948 605 2008 risum
627 1947 721 2008 lerme
741 1961 944 2026 provocasset.
998 1948 1049 2009 sic
1069 1948 1174 2007 multis
1194 1947 1270 2006 acci·
1311 2029 1313 2033 ,

124 2054 184 2128 dit,
210 2055 323 2134 quibus
352 2050 483 2129 genuina
506 2050 662 2133 quidditas
689 2063 719 2112 et
740 2053 865 2132 propria
888 2049 1056 2130 epidcmiae
1077 2050 1155 2109 ratio
1177 2045 1274 2129 (quae.

125 2152 465 2232 nominissignificantia
481 2150 539 2237 est)
563 2173 625 2214 uon
647 2154 848 2233 suffragatum
865 2150 903 2211 ed
926 2171 1100 2212 communes
1121 2148 1269 2232 quosdam

126 2259 252 2318 effectus
264 2269 295 2318 et
312 2267 472 2316 externum
487 2253 656 2335 epidcmiae
668 2256 880 2336 significatum,
891 2255 1002 2316 scilicet
1023 2252 1271 2334 superadveuire,

125 2381 189 2422 sese
209 2358 413 2420 contulerunt.
476 2357 745 2438 Supersdvcniunt
771 2378 905 2440 namque
933 2358 1053 2432 morbi,
1086 2377 1169 2438 quos·
1194 2369 1270 2417 tem·

123 2483 199 2542 pora
220 2482 277 2542 per
296 2475 435 2523 naturam
458 2459 638 2523 admittunt:
668 2454 884 2542 superadvenit
907 2459 1117 2542 ephimerinus
1138 2459 1158 2519 i.
1178 2481 1204 2519 e.
1226 2459 1269 2518 le·

123 2567 187 2626 bris
208 2563 281 2624 diei
299 2584 339 2624 ex
367 2572 439 2625 aere
468 2565 508 2625 ob
529 2568 696 2627 continuos
715 2567 811 2643 soles3
850 2559 1112 2642 superadveniunt
1137 2559 1271 2642 denique

125 2668 163 2750 (si
184 2667 344 2743 astrologis
365 2664 531 2749 credimus)
553 2688 653 2728 noxae
673 2665 996 2745 omnes,praeserti1n
1023 2665 1102 2723 mala
1124 2664 1270 2744 qualitate

124 2770 200 2830 coeli
217 2787 281 2828 sese
301 2767 518 2829 subscribente.
563 2771 661 2831 Nemo
683 2781 784 2830 tamen
805 2765 878 2851 (uisi
901 2778 1002 2827 mente
1014 2762 1271 2844 viduus)·-timues

125 2867 308 2948 epidemicos
327 2871 524 2948 nuncupabit.
566 2871 637 2947 Quo
658 2873 702 2948 lit,
725 2885 758 2933 ut
771 2871 824 2931 alii
846 2870 940 2934 velint
957 2868 1138 2949 epidemiam
1159 2866 1271 2933 debere

125 2971 266 3031 morbum
283 2971 478 3049 peregrinum
502 2973 651 3053 intelligi,
681 2971 782 3056 quod,
804 2972 863 3033 nisi
885 2972 955 3052 quis
976 2975 1026 3033 vel
1045 2970 1199 3033 exulando
1222 2976 1269 3046 (ut

124 3075 166 3135 ita
188 3069 314 3155 loquar)
335 3074 456 3136 oberret
487 3077 537 3137 vel
559 3076 648 3153 fugae
670 3075 829 3137 velocitate
849 3085 1016 3147 succurrat,
1051 3074 1186 3131 animum
1216 3093 1271 3132 ex·

124 3187 257 3255 torquet.
313 3175 466 3235 Nonnulli
494 3196 585 3250 vero,
615 3197 683 3235 cum
716 3174 866 3236 adventus
893 3175 960 3234 eius
989 3176 1155 3234 humanam
1177 3175 1271 3235 ratio-

124 3295 194 3336 nem
216 3288 338 3354 superat
361 3289 391 3336 et
411 3278 495 3338 illius
521 3298 641 3337 cerream
671 3275 719 3362 (ut
743 3275 843 3360 aium)
872 3278 1075 3356 punctualiter
1101 3280 1273 3359 perspicere

124 3380 225 3439 minus
246 3391 365 3458 queunt
385 3379 507 3459 physici
526 3381 638 3454 nostri,
662 3379 714 3441 sed
736 3379 822 3462 quod
844 3379 955 3464 (probe
976 3380 1122 3465 dixerim)
1152 3385 1270 3462 suppli·

123 3480 310 3555 cantionibus,
330 3479 427 3556 votis,
458 3481 685 3560 expiationibus
707 3482 856 3547 duntaxat
884 3487 968 3546 locus
989 3499 1048 3563 est,
1081 3485 1219 3548 divinum
1241 3500 1271 3548 et

123 3585 292 3658 occultum,
313 3583 401 3662 quasi
423 3603 516 3663 supra
537 3585 692 3647 scientiam
718 3584 868 3670 (demiam
898 3590 980 3648 enim
1012 3591 1167 3651 scientiam
1194 3591 1272 3652 sicut

124 3685 302 3746 daemonem
323 3684 463 3745 scientem
486 3685 739 3766 interpretantur)
760 3692 925 3768 appellant.
969 3690 1100 3766 Quidam
1116 3704 1271 3771 praeterea

124 3789 165 3847 ob
184 3787 261 3847 coeli
282 3797 312 3846 et
332 3787 411 3846 aeris
436 3789 626 3849 clementiam
648 3802 677 3849 et
707 3788 744 3849 ad
767 3804 838 3852 vota
855 3793 919 3853 sibi
950 3795 1116 3874 propitiam
1139 3792 1269 3853 demiam

124 3889 220 3947 veluti
241 3909 355 3949 numen
378 3904 573 3968 venerantes,
609 3893 650 3953 ob
673 3895 817 3952 horarum
849 3908 1029 3972 apparatum
1061 3909 1220 3956 externum
1241 3908 1271 3957 et

124 3991 315 4066 illegitimum
337 4015 371 4054 ac
390 4007 511 4073 praeter
531 3997 700 4056 naturalem
730 3997 979 4075 temperationem
1013 3997 1194 4076 epidemiam
1224 3997 1272 4060 di·
1318 4000 1322 4004 ’

125 4091 231 4152 cebant
260 4099 434 4174 provenire.
485 4098 545 4161 Sed
575 4118 643 4160 cum
674 4099 707 4159 hi
729 4095 777 4181 (ut
806 4120 905 4179 nuper
933 4101 1122 4178 monuimus)
1152 4102 1184 4166 in
1216 4124 1271 4165 no-

125 4193 216 4254 minis
244 4197 412 4278 epidemiae
447 4203 600 4283 exquisita
630 4217 659 4264 et
690 4205 816 4283 propria
849 4205 1033 4284 etymologia
1070 4227 1104 4266 ac
1142 4227 1175 4266 re
1204 4207 1270 4284 ipsa

125 4300 302 4378 praesertim
326 4296 461 4361 deiecere
482 4304 663 4384 plurimum,
686 4307 758 4368 novi
782 4307 827 4367 illi
850 4307 951 4369 ltaliae
973 4307 1217 4387 Germaniaeque
1236 4326 1273 4364 ac
