2806 4800
271 1089 460 1178 Consilium
488 1102 590 1177 breve
615 1117 731 1175 contra
759 1101 864 1177 malas
891 1101 1066 1203 pustulas,

98 1251 184 1325 quac
219 1224 285 1298 iam
322 1224 558 1325 apparentia
596 1223 737 1297 diversis
778 1220 977 1322 regionibns
1014 1225 1049 1296 iu
1096 1214 1238 1324 utroque

517 1339 695 1439 hominum
725 1360 823 1418 'sexu
931 1344 935 1351 ’

96 1528 188 1663 Has
209 1606 347 1683 pustulas
373 1623 449 1666 roco
474 1607 591 1682 uratas3
623 1622 697 1669 natta
719 1605 908 1682 contagiosus
923 1617 1025 1680 suut,
1056 1605 1160 1667 saltem
1183 1625 1239 1685 per

97 1702 283 1781 contactum,
302 1704 477 1770 immediate
499 1711 548 1770 rel
569 1700 718 1784 mediate,
750 1719 781 1769 et
802 1708 910 1785 etiam,
942 1709 1016 1791 quin¹
1040 1704 1079 1769 de
1098 1708 1239 1769 humori·

99 1804 156 1866 bus
176 1819 246 1867 sunt
269 1809 379 1882 usalis,-
402 1821 442 1869 ut
469 1808 560 1869 inlra.
618 1810 656 1872 Et
684 1807 850 1872 secundum
882 1812 1066 1872 Arrccnnsu
1098 1823 1169 1872 sum
1200 1807 1240 1870 de

96 1909 438 1987 gene1·e'lormicarunr;
471 1930 541 1970 nam
562 1910 729 1972 secundum
750 1933 820 1974 eum
841 1933 933 1975 ourne
953 1929 1108 1995 apostema
1123 1914 1156 1973 in
1171 1924 1239 1975 cute

95 2009 337 2089 anibulatirum,
356 2011 550 2075 latitudinem
573 2032 635 2074 non
658 2013 774 2075 liabens
795 2016 908 2076 scilicet
928 2019 1073 2092 multum,
1104 2031 1149 2080 est
1176 2017 1240 2080 for·

96 2113 180 2174 sulca.
224 2115 269 2176 'Et
301 2119 360 2178 hae
389 2119 532 2197 pustulae
559 2119 717 2180 ambulant
752 2118 785 2178 in
816 2130 884 2180 cute
910 2140 969 2200 per
992 2133 1091 2183 totum
1119 2131 1240 2200 corpus,

94 2214 180 2297 quod
202 2218 286 2279 visits
305 2213 453 2280 ostendite
475 2240 548 2298 ergo
570 2232 641 2282 sunt
654 2217 694 2280 de
710 2239 821 2298 genere
842 2222 1048 2283 formicarum.
1092 2223 1130 2284 Et
1139 2223 1240 2284 omnis

95 2317 228 2380 formica,
241 2333 295 2381 aut
321 2333 367 2384 eet
393 2340 432 2382 ex
459 2323 559 2382 colera
587 2323 667 2397 sola,
691 2333 747 2382 aut
776 2343 815 2383 ex
836 2325 935 2386 colera
956 2325 1053 2386 mixta
1082 2345 1149 2386 cum
1171 2325 1240 2384 aliis

95 2421 288 2486 humoribus.
331 2423 365 2485 Si
387 2444 426 2484 ex
450 2425 551 2486 colem
572 2426 651 2500 nola,
676 2425 734 2485 hoc
763 2437 807 2487 est
830 2423 1008 2506 dupliciter,
1036 2429 1087 2490 rel
1116 2449 1157 2489 ex
1188 2447 1239 2488 co·

94 2525 158 2585 lera
178 2527 328 2603 naturali,
358 2539 388 2589 et
418 2529 465 2589 sic
491 2540 536 2590 est
562 2528 690 2589 lotmiee
716 2529 858 2591 absolute
887 2531 1092 2606 ambulatira,
1122 2533 1172 2594 vel
1199 2551 1242 2592 ex

94 2629 193 2689 colera
214 2649 277 2692 non
295 2631 433 2692 naturali
453 2649 514 2712 per
525 2629 729 2708 adustionem,
750 2645 780 2693 et
801 2632 845 2694 sie
862 2634 920 2695 erit
939 2634 1066 2696 formica
1076 2632 1239 2696 corrosiva.
1260 2640 1264 2645 '

93 2731 128 2794 si
147 2753 186 2794 cx
202 2735 302 2795 colera
321 2732 424 2795 mixta
437 2754 508 2795 mm
529 2735 599 2796 aliis
619 2735 821 2812 humoribus,
843 2735 936 2797 etsie
957 2735 1014 2798 erlt
1033 2736 1160 2799 formica
1181 2736 1239 2795 mi·

92 2834 197 2912 liaris,
226 2856 305 2918 quae
325 2839 383 2898 urb
399 2858 431 2898 ee
452 2837 546 2899 hebet
566 2840 680 2920 species
701 2831 805 2918 plures
826 2839 913 2901 iuxta
935 2834 1057 2900 variam*
1072 2841 1240 2900 humorum

94 2941 434 3020 compositionemcum
455 2945 571 3018 colera,
603 2957 638 3006 ut
658 2943 692 3004 in
713 2944 866 3022 praesenti
893 2943 954 3003 ism
975 2942 1077 3004 variae
1099 2941 1240 3002 formica·

93 3038 337 3125 rum‘apparent
355 3047 479 3126 species.
532 3047 571 3108 Et
600 3047 781 3127 praesertim
810 3047 844 3106 in
872 3043 987 3122 duplici
1018 3045 1080 3102 hae
1099 3045 1239 3120 pustulae

92 3161 240 3227 apparent
255 3147 437 3210 differentia.
479 3149 558 3210 Nam
573 3148 726 3231 quaedam
740 3160 810 3208 sunt
825 3149 855 3206 iu
873 3143 974 3206 radice
994 3146 1072 3205 latae
1088 3157 1117 3204 et
1130 3145 1238 3222 paula·

92 3249 155 3311 tire
175 3250 363 3312 subtiliando
385 3250 553 3331 procedunt
573 3251 606 3310 in
627 3253 753 3327 longum
777 3261 869 3329 atque
890 3245 1058 3308 rotundum
1087 3247 1238 3328 usquein

92 3348 265 3429 cuspidem,
288 3353 320 3411 iu
343 3373 405 3433 qun
425 3352 557 3414 vesicula
577 3353 626 3413 vel
647 3352 781 3412 crustula
802 3352 952 3431 apparet,
971 3371 1050 3434 qune
1070 3347 1237 3412 secundum

93 3453 278 3513 Auernum
299 3454 619 3531 tlutlullaevocantnr,
638 3451 737 3529 idest,
761 3456 930 3516 vcrrucales
952 3455 1103 3516 formicae.
1136 3449 1239 3526 Quae·

93 3551 164 3613 dam
185 3567 274 3630 sunt,
303 3557 521 3637 quae·lsabent
548 3554 680 3618 radicem
702 3575 829 3635 parvam
852 3577 887 3618 ac
908 3557 1042 3618 strictam
1072 3569 1101 3618 et
1130 3574 1238 3637 proee-

93 3656 169 3719 dunt
189 3658 223 3718 in
243 3676 299 3719 sus
320 3661 489 3723 elevatione
510 3661 543 3722 in
563 3661 691 3740 longum
713 3672 744 3720 ct
764 3656 931 3720 rottrodum
958 3676 1057 3741 usquc
1077 3656 1116 3719 ad
1138 3670 1238 3738 caput,

91 3760 224 3838 grossius
247 3759 358 3838 radice,
379 3763 548 3824 etiamnum
570 3764 703 3825 crststula
723 3764 774 3824 rel
794 3763 936 3839 resimis,
958 3775 988 3824 et
1007 3775 1080 3824 strnt
1098 3762 1237 3821 ambula·

91 3863 191 3938 tilae,
213 3876 246 3925 ut
268 3885 339 3926 vera
360 3864 506 3926 formicas
533 3879 563 3927 et
591 3868 650 3926 luse
678 3864 845 3927 secundum
876 3867 1060 3926 Avrcruusm
1089 3873 1237 3924 vocantur

91 3965 303 4042 acruheurod,
324 3965 355 4028 id
378 3969 779 4048 est,porrnlesfor1nicse,
809 3987 872 4029 non
894 3966 978 4050 quod
1000 3967 1060 4028 sint
1080 3964 1166 4044 porri
1188 3965 1237 4025 vel

93 4086 250 4146 ventrose,
271 4069 325 4130 sed
347 4071 396 4131 his
416 4084 487 4134 aunt
508 4073 623 4133 similes
644 4069 810 4132 secundum
830 4070 958 4149 figuram
982 4081 1010 4129 et
1025 4066 1236 4149 qttantitatem.

93 4170 130 4230 lit
150 4169 509 4236 secundum=>ou1nosm
536 4195 576 4234 ns
592 4174 755 4235 Caunmco
786 4186 815 4234 et
838 4174 968 4234 Parnon
983 4192 1037 4252 ‚nn
1069 4172 1236 4234 Anemuri

91 4283 239 4335 vocantur
259 4271 360 4334 ficales
381 4289 410 4338 ct
440 4278 588 4353 botrales,
617 4277 690 4361 (pria
716 4271 976 4358 quemadmodum
1005 4273 1078 4335 ficus
1105 4284 1133 4332 et
1155 4269 1236 4329 botri
