2806 4800
635 239 706 310 165

96 425 243 505 singulari
269 423 384 486 dicens:
415 424 590 487 multotiens
611 445 736 508 quoque
755 437 801 488 est
823 425 1008 509 principium
1036 430 1241 511 corruptionis

97 529 175 589 aeris
198 528 237 588 ab
259 529 418 608 ipsoatire
441 541 561 609 praeter
580 527 668 607 illud,
692 527 776 611 quod
797 530 826 591 ei
847 529 1024 594 advenit'ex
1046 533 1240 612 corruptione

98 630 295 691 vicinantium
325 640 432 692 aerum
460 643 514 694 aut
538 647 667 714 propter
692 650 759 694 rem
790 636 965 710 coelestem,
994 635 1081 698 ouius
1109 638 1239 717 qualitas

96 755 161 796 non
181 745 226 794 est
246 733 421 795 hominibus
442 737 570 812 cognita.
611 734 713 810 Quem
735 738 828 801 latere
847 750 948 819 potest
967 736 1129 815 medicum,
1150 759 1240 818 prae·

97 849 145 897 ter
163 835 323 917 qualitates
343 835 514 897 manifestas
537 837 672 918 aliquam
694 841 841 901 occultam
862 859 982 901 causam
996 840 1029 899 in
1049 839 1109 899 isto
1130 838 1239 900 morbo

97 939 243 1017 reperiri,
277 938 361 998 cuius
382 939 501 1000 ratione
528 938 708 1003 difficillima
729 941 893 1004 accidentia
921 952 1080 1021 emergunt
1108 953 1138 1002 st
1166 957 1238 1001 cura

97 1042 162 1102 lere
180 1030 457 1121 periculosissima?
479 1040 539 1102 Sed
562 1042 637 1124 quid
657 1056 706 1105 'ars
730 1046 830 1120 intrat,
858 1044 884 1105 si
905 1063 1027 1106 sensum
1048 1044 1137 1104 etiam
1160 1044 1238 1104 sorte

97 1164 207 1223 negare
228 1139 366 1206 conaris?
411 1139 494 1216 Quid
522 1143 634 1224 plura?
679 1146 788 1228 Neque
809 1148 910 1209 morbi
931 1145 1144 1208 diffinitionem
1166 1145 1237 1206 satis

97 1245 309 1320 considerasti,
337 1262 406 1304 cum
428 1241 517 1321 dicis,
547 1265 617 1307 eum
640 1267 704 1309 esse
725 1244 954 1328 dispositionem
976 1264 1038 1309 non
1051 1247 1245 1307 naturalem.¹

96 1349 154 1409 Res
175 1366 310 1428 namque
329 1336 404 1407 non'
426 1349 581 1408 naturales¹
605 1368 660 1409 sex
689 1361 777 1427 sunt,
806 1353 938 1412 secunda
968 1351 1078 1430 primi3
1112 1348 1237 1409 morbus

95 1461 196 1509 autem
219 1467 269 1509 res
288 1451 339 1510 vel
362 1446 521 1528 dispositio
550 1463 671 1528 praeter
690 1465 829 1514 naturam
851 1465 931 1514 recte
952 1450 1012 1512 dici
1034 1453 1155 1513 soleta·
1173 1468 1236 1517 nra·

95 1549 178 1611 dicis.
222 1552 271 1610 Tu
293 1562 395 1612 autem
416 1562 537 1630 praeter
557 1549 746 1614 medicorum
769 1548 931 1615 sententias
958 1565 1043 1613 tuam
1068 1553 1168 1614 solum
1193 1550 1237 1609 el·

96 1655 186 1728 lem,''
202 1653 259 1714 etsi
286 1652 320 1711 in
350 1653 548 1732 philosophia
563 1655 618 1737 sic
644 1667 756 1731 sonet3·
784 1654 935 1716 medicina
962 1667 1081 1729 autem,
1110 1653 1180 1713 licet
1207 1651 1236 1713 si

96 1756 301 1816 subalternam
328 1767 372 1816 est
379 1797 389 1829 ,
420 1768 521 1816 tamen
546 1739 611 1816 suis
638 1759 772 1836 propriis
803 1761 899 1820 utitur
924 1759 1063 1821 terminis
1092 1769 1122 1818 et
1150 1754 1237 1836 prin·

96 1855 192 1935 cipiis.
235 1851 338 1927 Quare
358 1856 526 1915 necessario
555 1857 663 1936 utique
694 1862 865 1920 consultum
887 1860 1022 1920 arbitror
1051 1846 1138 1919 iuirta
1168 1877 1237 1917 sen-

95 1957 219 2020 tentiam
240 1955 336 2016 Rssrs
357 1966 468 2036 quarto
490 1956 695 2031 Almansoris,
724 1952 844 2019 nullum
871 1981 903 2020 se
925 1959 1035 2020 debere
1056 1961 1143 2040 operi
1174 1978 1237 2017 ms·
1309 2000 1314 2013 ,

96 2057 227 2120 dicinae‘
249 2056 440 2139 expendere,
484 2058 542 2119 nisi
577 2055 712 2119 studium
740 2060 773 2120 in
801 2083 836 2122 ea
863 2063 1060 2142 compleverit
1092 2073 1122 2122 et
1149 2078 1238 2138 prae·

95 2174 230 2240 ceptores
254 2161 287 2220 in
311 2181 345 2220 ea
376 2160 592 2221 famosissimos
618 2158 748 2224 audierit
782 2176 812 2225 et
840 2164 884 2226 eis
915 2176 1113 2233 conversatus¹
1137 2159 1238 2221 fuerit.

97 2264 194 2327 Etiam
216 2266 319 2345 primo
341 2264 532 2324 criticorum:
553 2263 688 2326 medicus
700 2276 772 2327 'non
793 2279 893 2347 potest
913 2288 977 2330 esse
997 2268 1158 2348 perlectus,
1178 2262 1238 2324 nisi

96 2368 293 2429 exercitatus:
324 2368 439 2427 nullus·
455 2367 554 2443 enim,
583 2379 855 2452 quantumcunque
875 2369 1046 2446 studiosus,
1074 2370 1107 2429 in
1136 2380 1236 2429 actum

95 2471 257 2532 curationis
266 2469 352 2531 exire
361 2483 545 2548 praesumat,
558 2471 616 2532 nisi
627 2472 713 2552 prius
726 2494 833 2535 curare
844 2471 963 2536 viderit.
981 2476 1031 2536 Tu
1043 2484 1155 2547 autem,
1168 2488 1236 2530 cum

95 2570 276 2636 medicinam
295 2570 473 2652 profitearis,
495 2586 644 2654 quantum
667 2575 741 2637 haec
755 2576 870 2653 leceris,
891 2589 945 2638 tuo
961 2576 1103 2658 relinquo
1114 2570 1237 2634 iudicio.

148 2696 261 2815 ¹'Circa
286 2740 539 2815 conclusionem
568 2742 850 2840 impertinentem.
872 2747 997 2844 ,(Vlll‚
1022 2770 1054 2842 p.
1071 2742 1171 2834 1218.)

32 2943 39 2954 ⁸
133 2892 136 2897 “
182 2882 282 2941 Prcun
302 2892 496 2959 tuumsuper
516 2899 620 2940 omnes
642 2879 702 2940 fers
727 2881 877 2957 homines,
896 2881 971 2964 quia
982 2881 1111 2942 aliorum
1126 2878 1236 2943 doctri·

83 3003 149 3071 ,nas
172 2993 256 3044 tanto
279 2980 380 3044 studio
401 3002 463 3044 non
483 2980 604 3043 audisti.
655 2982 719 3044 Nos
746 2985 962 3044 astronomiam
990 2997 1020 3044 et
1044 2982 1237 3058 astrologiam

94 3088 180 3146 iuxta
196 3086 374 3147 sententiam
386 3087 579 3162 Proconsm,
593 3085 687 3164 primi
697 3088 836 3147 omnium
851 3099 1106 3159 astronomorum,
1127 3095 1245 3166 quarto:

95 3187 311 3270 quadripartiti
331 3208 390 3266 pro
412 3209 473 3248 una
501 3185 540 3247 ad
568 3208 712 3266 pmesens
741 3189 889 3249 sumimus
916 3189 1055 3261 scientia,
1085 3188 1154 3246 licet
1175 3200 1237 3245 una

93 3291 227 3369 partium
243 3287 362 3349 dicann·
376 3289 590 3368 quantitatum,
608 3287 788 3365 figurarum,
809 3301 948 3350 motuum
967 3301 996 3350 et
1009 3285 1236 3356 ordinationum

93 3391 267 3452 coelestium
294 3408 475 3469 corporum,
495 3392 589 3450 altera
611 3411 684 3453 vero
704 3390 887 3468 indicativa,
915 3392 947 3452 in
969 3404 1118 3475 quantum
1140 3403 1237 3453 astro·

93 3493 198 3554 nomia
219 3493 271 3552 lex
292 3503 337 3552 est
360 3492 409 3552 rel
438 3491 516 3552 ratio
537 3490 651 3569 figuras
670 3496 812 3557 coelestes
843 3507 873 3556 et
895 3507 996 3556 motus
1023 3495 1055 3555 in
1087 3514 1119 3555 se
1140 3505 1171 3554 et
1192 3493 1236 3552 el·

92 3593 221 3655 lectibus
251 3592 462 3654 universaliter
489 3592 697 3658 considerans:
738 3618 831 3679 quam
863 3597 971 3679 utique
998 3597 1177 3658 sententiam
1206 3606 1236 3654 et

94 3694 259 3780 quadruvii
291 3709 410 3776 partem
441 3709 472 3758 te
506 3695 588 3757 haud
617 3711 799 3779 negaturum
832 3697 992 3761 credimus.
1065 3694 1236 3758 Medicinae

93 3812 194 3860 autem
229 3814 308 3860 anne
335 3799 475 3859 habitum
508 3797 660 3878 perficiat,
694 3803 847 3876 ausculta,
878 3822 972 3882 quam
1003 3812 1107 3880 aperte
1133 3809 1236 3857 noster

94 3901 200 3984 (quem
222 3913 300 3961 recte
321 3898 532 3960 admirabilem
547 3897 668 3984 dixisti)
688 3902 862 3961 Hrrrocnss
883 3904 1029 3984 loquatur
1048 3901 1130 3959 libro
1146 3898 1235 3959 tertio

93 4000 131 4062 de
145 4002 343 4078 regionibus,
365 4020 434 4060 cum
453 4001 572 4080 inquit:
604 4002 660 4082 qui
687 4022 761 4063 vero
783 4022 835 4076 ea,
865 4022 944 4083 quae
968 3999 1007 4061 ds
1034 4019 1068 4058 re
1088 3999 1235 4061 altissima

92 4113 271 4176 tractamus,
293 4112 357 4161 rata
378 4115 495 4178 tenent,
517 4115 546 4166 el
566 4101 693 4165 credum
726 4117 755 4166 st
776 4115 908 4178 norunt,
934 4103 1149 4164 astronomiam
1172 4123 1235 4162 me·

93 4202 211 4263 dicinac
238 4222 300 4263 non
328 4204 486 4264 minimam
516 4216 632 4283 partem
669 4226 741 4267 esse.
798 4207 957 4266 Praeterea
991 4215 1022 4264 et
1048 4202 1232 4265 medicorum

93 4304 233 4384 princeps
255 4303 412 4365 Gsnrastos
432 4307 522 4367 tertio
555 4306 728 4368 criticorum
762 4305 856 4368 dixit:
889 4326 946 4386 ego
975 4304 1070 4369 redeo
1099 4303 1234 4379 adrem,
