2806 4800
669 190 743 261 263

131 379 244 457 pristas
263 396 364 456 neque
393 386 453 448 est,
487 394 586 454 neqpe
607 374 686 452 agit,
707 371 766 436 sed
790 379 843 435 adr
863 395 918 454 per
938 375 1085 438 occultam
1106 377 1276 457 proprieta-

132 495 202 542 tem.
244 483 278 540 ln
299 479 391 538 rebus
414 496 487 538 vero
508 474 609 538 strvdis
635 479 768 542 occultae
788 477 989 557 proprietates
1013 477 1209 557 particulares
1230 475 1277 560 (ut

131 581 216 664 quod
240 599 362 657 magnes
393 579 487 640 trahit
514 580 630 640 ferrum
658 592 687 641 et
708 581 894 642 scamonium
917 581 973 641 ciet
995 579 1161 664 choleram)
1182 593 1277 660 agunt

129 687 195 746 sins
224 682 452 743 inanilestarum
481 682 663 763 qualitatum
696 680 869 762 praesidi03
900 702 973 761 ergo
996 694 1025 744 et
1047 684 1180 745 occultae
1204 702 1277 762 pro·

131 788 274 865 prietates
305 785 491 844 universales
524 785 666 845 similiter
694 798 790 864 agunt
818 787 935 869 absque
964 783 1066 848 medio
1087 787 1275 850 sensibilium

131 889 329 967 qualitatum:
350 889 399 948 vel
420 884 469 946 dic
489 883 673 949 diversitatis
694 889 853 951 rationem.

248 1131 645 1249 Circat‘c‘orrclarium
679 1128 896 1211 secundnm.
940 1144 1009 1222 (XI,
1036 1144 1162 1228 potr).

151 1352 154 1359 .
216 1303 288 1361 Cum
302 1304 359 1362 siti
376 1307 517 1361 maiorum
538 1308 686 1364 centenius
708 1315 763 1363 etc.
786 1332 826 1347 -
870 1302 950 1363 Fero
972 1300 1130 1380 patienter,
1150 1319 1221 1361 cum
1241 1309 1276 1360 tu

130 1424 222 1485 quam
247 1405 425 1482 eguminus
447 1417 477 1466 et
497 1407 581 1483 legis·
595 1417 623 1467 et
645 1407 799 1485 intelligis.

212 1509 284 1568 Cum
305 1511 439 1584 dixerim,
461 1515 531 1570 inter
552 1513 663 1571 morbos
682 1521 738 1570 etc.
758 1542 801 1554 -—
846 1490 1026 1568 Catltolicon
1052 1507 1198 1586 pistrinus
1220 1516 1275 1581 est,

127 1609 242 1670 oblitus
264 1631 398 1692 namque
419 1631 450 1670 es
471 1611 697 1690 protestationis
714 1624 799 1687 tuae,
821 1612 903 1672 nolle
924 1611 1035 1672 scilicet
1052 1609 1085 1669 in
1107 1609 1276 1687 praesentia

127 1712 265 1770 terminis
286 1712 391 1788 logicis
412 1712 542 1789 inhiare,
561 1714 650 1775 cuius
671 1714 698 1774 si
719 1714 830 1775 iterum
841 1713 1039 1786 meminisses,
1056 1722 1096 1770 >ut
1113 1711 1175 1792 >qui
1196 1710 1274 1788 logi·

130 1831 195 1870 cam
223 1831 389 1892 nunqnam
403 1809 593 1890 didiceras„
607 1813 646 1873 de
673 1815 740 1892 ipsa
767 1828 829 1876 tam
857 1815 989 1876 futiliter>
1023 1809 1114 1874 haud·
1135 1813 1275 1890 garrires.

129 1908 211 1986 Quid
234 1934 384 1994 namque,
416 1934 440 1974 o·
465 1917 589 1993 superi,
616 1917 739 1977 stultius
776 1917 957 1997 fertiliusque
977 1917 1009 1975 iu
1042 1915 1165 1976 scientia
1192 1915 1278 1986 reali,

128 2015 339 2092 magnifacere,
360 2035 439 2096 quae
454 2016 534 2076 inter
554 2037 649 2094 genus
665 2030 695 2076 et
713 2017 848 2096 speeiem
865 2029 918 2091 est,
940 2014 1163 2076 distinctionem
1180 2014 1275 2073 ratio·

129 2117 190 2178 nise
227 2118 315 2197 quasi
344 2119 454 2180 melius
474 2118 567 2179 haud·
581 2121 621 2181 sit
650 2122 765 2180 bonum
793 2133 824 2180 et
852 2121 951 2179 albius
971 2118 1093 2190 album,
1115 2117 1165 2177 vel
1182 2116 1275 2194 pesti·

127 2217 194 2277 lens
216 2214 419 2296 epidemicum
440 2221 604 2303 ipsumque
615 2219 803 2282 ‚morbidum
818 2233 854 2282 et
873 2217 907 2280 id
929 2238 1076 2297 genus„

151 2348 152 2353 ¹
219 2321 330 2400 Quodsi
344 2323 416 2381 alim
435 2325 590 2406 medicinae
610 2337 666 2385 etc.
688 2356 731 2370 -
762 2323 898 2383 Proluse
911 2323 968 2382 hoc
988 2322 1049 2381 iam
1072 2319 1275 2382 discussimus.

215 2426 373 2486 Praeterea
394 2418 874 2503 S1arorvlannnns1s,Msvurus
896 2425 994 2486 Save
1016 2437 1070 2486 etc.
1094 2457 1132 2470 -
1158 2420 1276 2496 Quodsi

127 2512 252 2586 illorum
275 2526 387 2602 positio
409 2546 480 2588 vera
504 2541 565 2604 est,
586 2543 639 2590 tua
661 2529 725 2590 erit
739 2529 832 2604 falsa3
868 2549 939 2587 nam
961 2535 1015 2588 a'e'r
1036 2549 1091 2606 per
1111 2540 1140 2588 te
1162 2525 1276 2587 intelli·

129 2628 212 2706 gitur
231 2648 301 2688 cum
331 2631 407 2690 coeli
438 2631 611 2695 influentia:
643 2634 669 2695 si
691 2653 764 2711 ergo
786 2634 998 2692 Hirrocnarns
1030 2632 1062 2690 in
1090 2628 1276 2708 aphorismis

120 2733 246 2791 ¹locutus
268 2741 314 2790 est
331 2728 369 2790 de
387 2733 507 2794 morbis
517 2755 556 2794 ex
577 2735 656 2796 ae'ris
679 2733 848 2794 mutatione
864 2731 1126 2812 provenientibus,
1143 2730 1274 2790 influen-

128 2834 186 2894 tias
206 2833 365 2907 coelestes,
398 2838 531 2915 quaein
552 2844 623 2898 a'e're
641 2834 787 2898 morbido
808 2836 945 2896 salubres
966 2853 1030 2895 nou
1052 2846 1140 2909 sum,
1173 2831 1273 2904 baud·

130 2955 286 3016 quaquam
309 2937 422 3014 poterit
441 2939 659 3016 Hvrrocaarns
680 2938 851 3001 excludere.
891 2973 893 2978 =

212 3039 293 3126 Anne
324 3045 570 3104 conciliatorem.
599 3079 643 3090 -
705 3045 781 3105 Tuis
809 3040 967 3102 calumniis
976 3082 984 3113 ,
1016 3051 1067 3100 tua
1098 3037 1216 3098 insanis
1243 3053 1271 3099 et

128 3141 301 3200 conculcata
319 3141 440 3203 inscitia
466 3165 516 3204 me
545 3164 767 3228 nonnunquam
795 3141 834 3202 ad
858 3139 1105 3215 convitiandum,
1135 3138 1270 3202 sednon

129 3245 227 3316 salse,=
237 3261 395 3318 provocas.

213 3345 283 3402 Diei
309 3367 433 3426 quoque,
462 3345 602 3429 quosdam
625 3362 680 3411 etc.
702 3383 743 3395 --
795 3348 882 3408 Alibi
910 3344 1119 3423 discussimus3
1154 3367 1222 3406 nam
1245 3349 1272 3408 si

128 3441 277 3523 quosdam
295 3446 349 3535 vel
371 3448 586 3524 pestilentiales
608 3455 654 3513 vel
680 3451 895 3532 pandentiales,
916 3472 977 3512 non
999 3448 1176 3526 secundum,
1199 3471 1271 3528 ergo

127 3545 261 3625 primum
284 3546 429 3610 concedas
449 3565 579 3631 oportet.

211 3655 246 3712 Si
261 3675 362 3730 genere
382 3657 541 3735 simpliciter
558 3663 647 3738 posito
669 3670 723 3717 etc.
747 3692 786 3705 -
841 3659 989 3720 Pistorius
1018 3657 1186 3717 catholicon
1217 3667 1269 3714 est.

124 3755 263 3834 Intelligo
293 3777 426 3840 namque
455 3760 580 3838 generis
602 3761 785 3840 positionem
808 3763 974 3842 simplicem
997 3761 1030 3819 in
1048 3778 1110 3820 esse
1134 3771 1269 3820 natiuae.

126 3856 197 3932 Quo
218 3861 318 3939 posito
339 3883 449 3940 genere
466 3863 588 3948 siquae
609 3865 722 3944 species
743 3885 805 3926 non
826 3877 995 3944 ponuntur,
1017 3863 1090 3944 quia
1113 3880 1174 3920 non
1188 3872 1269 3933 sunt,

126 3961 298 4024 conditione
319 3967 420 4026 ablata
441 3984 512 4028 non
523 3969 727 4048 propositum,
745 3965 798 4030 sed
813 3970 996 4048 *oppositum
1018 3976 1179 4044 sequetur,
1213 3964 1270 4024 sci·

124 4064 195 4125 licet
216 4087 327 4144 genere
347 4068 526 4147 simpliciter
547 4073 648 4149 posito
669 4090 774 4133 omnes
796 4071 924 4149 species,
960 4090 1040 4150 quac
1059 4080 1148 4141 stant,
1166 4086 1268 4127 neces-

123 4166 311 4247 sario-poni.
357 4165 474 4239 Quodsi
494 4184 526 4232 ut
537 4173 719 4234 chimaerius
739 4172 856 4250 logicus
875 4170 1058 4249 positionem
1082 4169 1269 4230 intellexeris

123 4271 156 4330 iu
179 4277 242 4330 esse
265 4271 408 4348 rationis,
437 4273 570 4333 maxituc
604 4288 739 4354 respectu
763 4272 927 4354 praeunti
955 4267 1103 4334 secundos
1124 4271 1268 4332 intentio·
