2806 4800
664 232 742 307 280

217 425 309 485 Multo
329 422 444 482 elleboro
466 429 520 481 otc.
541 452 585 463 -
626 417 720 481 Forte
739 427 775 478 nt
791 428 823 478 te
839 411 994 481 medicum
1015 430 1163 495 ostentes,
1184 421 1284 482 helle·

132 529 243 588 borum
261 525 413 604 appellas,
442 541 536 603 quem
565 540 627 580 una
655 540 725 581 cunr
754 519 876 598 gallinis
906 520 1003 599 nigris
1034 521 1061 582 si
1092 514 1283 602 sumpsisses,

131 627 370 690 ednlutationem
392 640 456 686 nott
477 619 641 686 edidissea·

219 732 329 814 Quodsi
345 726 462 811 prs*
480 738 536 787 etr.
558 758 600 772 ·-
648 723 802 785 Diseussis
829 724 1066 788 scurrilitatibus
1097 728 1193 789 altera
1220 729 1283 790 acie

130 832 293 912 coemptis,
315 832 430 913 quibus
449 828 589 911 prolecto
607 837 716 906 tuopte
744 827 869 904 ingenio
891 846 941 888 me
961 825 1085 907 dignior
1114 850 1147 892 es
1173 833 1281 906 mulso,

130 932 173 996 ‘ad
193 932 401 1008 auctoritates,
423 932 537 1014 quibus
561 931 754 1010 propositum
778 941 870 990 tuunr
888 929 1062 992 noniirmnri
1083 945 1190 1012 pulos,
1210 954 1281 1014 per·

133 1037 301 1101 venismus.
343 1034 403 1099 Sed
425 1032 628 1110 mihicrede,
651 1054 744 1117 quem
766 1034 889 1096 venaris
910 1035 1063 1113 leporem,
1084 1036 1133 1096 his
1154 1037 1281 1098 sonibus

131 1161 195 1205 non
215 1136 442 1223 apprehendes:
464 1139 524 1199 alia
546 1139 605 1200 tibi
625 1138 676 1201 via
696 1134 899 1199 incedendum
919 1136 1015 1213 soret3
1036 1136 1102 1198 sive
1114 1139 1197 1199 enim
1216 1159 1282 1200 mo·

132 1242 230 1321 iores,
258 1245 324 1307 sive
355 1243 489 1303 minores
521 1241 598 1316 sint,
627 1237 796 1303 dummodo
828 1236 947 1313 idonei,
968 1235 1138 1301 dummodo
1160 1241 1227 1302 veri
1245 1254 1283 1303 et

133 1346 253 1409 suffulti
272 1345 460 1419 rationibus,
481 1344 563 1405 nihil
583 1355 627 1405 est
650 1340 736 1424 quod
757 1343 844 1404 litam
860 1341 1010 1403 referam.
1070 1378 1074 1387 ·
1165 1376 1169 1383 ·

223 1448 318 1511 Rasrs
350 1452 504 1530 praecipuo
532 1456 587 1507 etc.
608 1478 650 1493 —-
704 1447 755 1509 De
782 1445 908 1507 metrico
928 1443 1095 1523 astrologia
1124 1446 1282 1528 loquitur3

133 1550 278 1630 opinatus
299 1568 425 1631 quoque
453 1560 497 1609 est
517 1548 611 1608 Rssrs
641 1559 767 1609 naturae
796 1567 893 1609 noxss
922 1546 956 1606 in
976 1543 1077 1609 sidera
1095 1547 1221 1612 referri:
1251 1551 1284 1610 in

134 1672 199 1734 quo
219 1651 246 1715 si
266 1674 306 1715 ex
327 1664 428 1715 mente
446 1651 605 1734 loquitur,
625 1651 727 1732 ipsum
747 1648 832 1711 haud
853 1647 1024 1713 laudemus.

222 1756 305 1816 Horo
327 1760 483 1816 auctoritas
505 1767 559 1816 etc.
582 1787 625 1800 -
652 1753 724 1815 Non
746 1765 790 1814 est
811 1752 1285 1830 liber.H1rrocusr1s,sedore·

135 1854 231 1919 dibile
246 1857 364 1935 magis,
384 1854 469 1936 quod
490 1857 530 1918 sit
551 1857 633 1919 Heu
654 1857 799 1932 Rumor,
820 1856 876 1937 qui
897 1857 1069 1933 astrologus
1089 1855 1165 1934 fuir,
1185 1857 1231 1918 ita
1251 1871 1285 1920 ut

135 1959 258 2024 abunde
280 1961 352 2022 satis
372 1961 570 2040 astrologicus
589 1961 670 2022 liber
688 1961 729 2022 ab
749 1961 903 2037 astrologo
923 1959 964 2021 sit
983 1956 1148 2021 laudatus·

222 2067 321 2127 urent
342 2085 441 2126 reoera
462 2076 517 2126 etc.
533 2098 576 2110 -
616 2063 688 2127 Non
709 2075 782 2125 sunt
802 2062 976 2125 testimonia
995 2061 1117 2139 integra
1135 2060 1287 2143 omnique

135 2167 314 2249 exceptione
333 2166 459 2229 maiora.

220 2271 270 2332 Ao
291 2274 492 2333 conclusionem
512 2275 604 2350 ipsam
623 2269 783 2345 Psoron„
812 2269 909 2345 Gon,
930 2270 1025 2331 Para.
1046 2269 1142 2332 Asos.
1164 2281 1220 2331 eta.
1243 2302 1286 2317 --

135 2366 224 2432 Nihil
245 2382 299 2445 est,
320 2369 404 2450 quod
426 2372 510 2432 hunc
521 2369 617 2431 trium
636 2369 800 2448 strepitum
821 2371 1001 2433 timeamusz
1022 2391 1095 2433 nam
1110 2367 1223 2454 (utillo
1238 2373 1286 2434 iu·

137 2470 220 2553 quit)
242 2472 334 2534 unius
355 2473 482 2534 interitu
502 2471 628 2533 victoria
648 2483 772 2533 constat.

170 2614 182 2633 ·.
222 2576 393 2656 Nonoptos
411 2577 548 2639 scholaris
569 2608 611 2620 ·-
654 2571 773 2648 Quodsi
805 2577 838 2637 in
860 2576 1003 2638 humenis
1024 2589 1123 2640 essem
1144 2577 1284 2656 persiste·

135 2687 267 2758 rentqus
285 2676 319 2736 in
340 2676 396 2738 itto
416 2696 530 2754 errore,
551 2677 660 2738 vellem
684 2690 717 2741 ut
741 2677 877 2741 veritatis
898 2675 1051 2754 defensor,
1071 2696 1130 2758 ope
1144 2692 1175 2742 et
1189 2680 1285 2742 scisn-

136 2779 180 2839 tia
200 2778 351 2839 maiorum
373 2777 512 2856 adiutus,
547 2793 650 2842 contra
679 2782 751 2843 illos
770 2782 946 2859 innrrgereo
981 2782 1061 2843 nulli
1088 2782 1171 2843 enim
1202 2803 1284 2863 puro

136 2879 257 2943 homiui
277 2882 425 2960 sapientia
446 2885 563 2965 absque
583 2904 725 2945 mensura
747 2886 854 2947 collata
878 2896 933 2948 est.
957 2944 959 2949 ,

220 2986 320 3067 Neque
338 2988 532 3049 disssrmdum
552 2993 754 3051 teoomorotui
774 2999 884 3051 elew—
926 2983 956 3053 ,0
981 2987 1099 3051 utinam
1112 2984 1286 3052 lislomoii

136 3085 238 3148 subito
259 3107 321 3149 non
351 3103 584 3166 commutasses,
614 3102 666 3151 aut
695 3086 889 3157 disseruisses
912 3090 1027 3174 ¹saltem
1053 3089 1285 3155 auctoritatibus

136 3187 242 3253 solidis
258 3203 292 3255 ¹et
313 3195 502 3271 rationibus,
524 3213 585 3254 non
607 3191 783 3270 calumniis,
815 3212 877 3253 non
899 3191 1021 3255 iniuriis
1042 3203 1072 3253 et
1092 3191 1179 3255 falsis
1199 3213 1285 3253 men-

138 3287 248 3353 deciis!

223 3391 360 3455 Corours
382 3419 502 3459 censura
523 3410 578 3459 etc.
599 3430 641 3449 ψ-
684 3393 888 3463 Duroniam
908 3396 1021 3477 corvis,
1036 3407 1137 3463 ‚vexat
1160 3416 1286 3458 sensura

136 3495 302 3557 columbas.
344 3493 464 3570 Quodsi
493 3511 577 3561 tanta
598 3514 661 3563 non
691 3513 769 3562 esset
789 3500 1284 3581 ignorationis,impunitas‚-non

136 3593 230 3661 modo
250 3614 377 3657 censura
397 3597 553 3676 Coronis,
573 3600 626 3662 sed
648 3602 795 3679 gemoniis
816 3603 904 3667 scalis
927 3600 1039 3679 dignus.
1059 3601 1150 3670 forest
1171 3654 1174 3659 .
1199 3640 1224 3665 ,-

219 3701 354 3764 Nondum
373 3707 428 3765 liro
449 3713 505 3763 etc.
526 3737 570 3751 -
631 3704 749 3767 Senties
776 3703 958 3788 nliqusndo,
985 3704 1013 3773 si
1044 3701 1192 3767 nundum.
1213 3725 1279 3768 ssu·

135 3802 218 3880 sisti,
242 3823 281 3863 an
304 3804 365 3866 tiro
385 3805 510 3867 effeetus
521 3849 530 3882 ,
552 3827 655 3870 necne.
1171 3862 1174 3869 .

219 3908 298 3970 Venit
319 3913 437 3994 deniqne
456 3917 484 3972 io
505 3925 621 3974 mentem
643 3925 699 3975 etc.
722 3943 762 3975 -··.
789 3910 882 3975 Mens
902 3913 934 3973 in
954 3894 1112 3979 erroribus
1134 3909 1284 3978 obstinata

136 4027 276 4089 quaeque
296 4025 383 4092 putat
403 4033 547 4091 erronea,
568 4011 830 4097 quemadmodum
850 4015 955 4093 lingua
972 4015 1136 4077 febrientis
1156 4034 1215 4095 por
1229 4032 1285 4075 ex·

135 4118 257 4171 ternum
279 4113 442 4176 humorem
462 4116 567 4177 omnia
596 4115 710 4178 iudicat
739 4137 852 4177 amora.
907 4114 934 4180 Ο
957 4118 1074 4178 utinam
1101 4119 1210 4177 lumen
1230 4135 1286 4176 na·

136 4220 207 4269 tura
226 4209 358 4276 inditum
379 4219 437 4278 tibi
465 4218 601 4295 veniret,
632 4233 765 4283 mentem
790 4218 927 4297 afflaret,
957 4240 1025 4302 quo
1057 4221 1097 4281 ab
1127 4217 1287 4287 enodius

135 4308 173 4371 ad
195 4311 326 4374 orbitam
348 4319 483 4381 veritatis
504 4316 634 4386 redires!
