2806 4800
680 238 757 313 254

236 430 300 492 Non
318 439 466 510 conamus
485 432 658 488 omnianetc.
671 459 713 473 -
734 424 835 502 Quam
857 439 902 490 est
920 429 1010 489 etiarn
1027 431 1162 491 alienum
1177 431 1302 510 scriptis

149 533 259 595 nostrie
279 530 435 606 invenire,
462 526 548 611 qnod
568 541 783 608 corrumpatur
811 527 934 591 additus
963 532 1013 591 vel
1035 543 1183 593 externus
1203 536 1301 609 calor,

148 649 240 715 prout
260 637 352 714 longa
373 631 548 713 parenthesi
569 631 644 693 falsa
665 633 744 693 mibi
763 629 920 713 impunis?

233 738 397 810 Putrcdr'ar',
423 756 499 817 quoe
527 736 566 794 ab
581 739 657 795 intra
677 747 733 796 etc.
754 769 798 782 -
840 710 913 798 Peri
933 733 1068 817 denique
1088 735 1300 799 inconsidera-

145 839 247 914 tione,
269 859 332 919 qua
352 837 475 917 priora,
495 836 605 912 affere,
635 837 669 897 in
689 840 849 918 pestilente
870 840 949 900 febri
970 838 1166 919 putredinem
1186 842 1230 902 ab
1250 842 1301 902 in·

147 955 195 1003 tra
214 939 388 1022 procedere.
430 939 509 1002 Nem
530 939 563 1000 in
591 940 678 1000 omni
698 943 870 1021 pestilentia
892 954 953 1002 tant
976 943 1176 1023 putrefactio,
1203 963 1300 1024 quam

147 1045 279 1127 qualitas
300 1061 450 1105 venenosa
471 1041 549 1103 finnt
568 1044 609 1102 ab
630 1041 738 1104 eodem
757 1057 880 1124 agente,
904 1059 981 1124 pnta
1001 1067 1041 1107 ex
1062 1057 1210 1127 corrupto
1234 1066 1300 1109 esee

146 1148 226 1210 auis
253 1146 492 1222 circumstantis,
520 1146 586 1206 eine
617 1166 682 1227 qno
711 1148 821 1228 nequit
850 1169 915 1210 esse
949 1149 1045 1210 febris
1077 1149 1300 1228 pestilentialis.

146 1251 323 1313 Avrceaasa
344 1267 469 1329 quoque
487 1247 672 1310 iniuriosum
704 1262 749 1312 eat
775 1252 909 1312 maxime
940 1249 1056 1326 dicere,
1086 1269 1146 1330 pro
1175 1252 1299 1312 concin-

147 1350 255 1414 nandis
275 1351 410 1411 febrium
432 1350 589 1429 speciebus
610 1350 805 1430 putredinem
832 1355 873 1413 ab
895 1353 978 1414 intra
1006 1365 1037 1414 et
1058 1363 1145 1413 exue
1173 1355 1298 1429 mutari,

147 1451 272 1537 qnando
293 1452 369 1512 haec
388 1451 456 1531 ipsa
477 1463 593 1513 mutata
614 1451 655 1536 (si
668 1466 771 1515 tamen
792 1455 905 1517 mutari
918 1452 1030 1539 potest)
1050 1454 1184 1533 amplius
1203 1456 1299 1517 febrit

147 1558 236 1635 origo
256 1567 286 1618 et
306 1553 432 1615 materia
454 1567 593 1616 censetur
616 1556 753 1618 minime.
806 1559 881 1619 Ecce
908 1557 1046 1620 veritatis
1069 1570 1300 1637 oppugnatores

147 1656 302 1738 decipulas
323 1676 373 1716 eae
399 1655 573 1732 incurrere,
601 1678 678 1738 qnae
699 1659 768 1721 aliis
793 1680 906 1739 magno
936 1672 1045 1722 conatu
1085 1656 1299 1722 tetenderunt!

147 1759 267 1837 Quodsi
289 1760 360 1841 quia
382 1760 438 1820 bas
462 1759 593 1839 ineptiae
614 1773 644 1821 et
664 1755 819 1825 infantiles
843 1763 982 1826 levitates
1003 1761 1200 1825 mediocriter
1228 1786 1300 1845 per·

147 1865 237 1946 eeqni
259 1864 368 1936 vellet,
389 1863 474 1923 nulla
496 1863 525 1923 ei
546 1862 696 1924 sufficeret
716 1884 870 1947 papyrus,
891 1879 920 1928 et
944 1877 1067 1945 tempus
1087 1885 1181 1946 quem
1202 1880 1300 1930 mate·

148 1968 195 2028 ria
215 1967 302 2048 prins
325 1963 473 2026 deficeret.
517 1967 690 2044 Pergamus.

234 2075 271 2134 Et
291 2077 318 2131 si
336 2083 367 2132 tu
392 2072 428 2130 de
448 2075 516 2130 crisi
529 2074 742 2151 permutationis
763 2081 819 2130 etc.
839 2102 882 2114 -
938 2071 986 2131 De
1006 2070 1077 2132 crisi
1098 2074 1299 2150 permutatio·

148 2174 209 2248 nis,
238 2170 275 2233 de
305 2174 421 2234 variola
448 2172 636 2234 ambuletiva
661 2171 853 2252 reliquisque
874 2192 914 2233 ne
948 2194 1010 2234 une
1038 2172 1167 2256 quidem
1191 2171 1298 2236 addita

149 2277 346 2337 immutatave
369 2275 456 2335 litera
479 2287 607 2352 possunt
625 2275 736 2353 scripta
757 2288 861 2336 noema
886 2289 916 2338 et
941 2278 1085 2338 sustineri
1106 2291 1136 2340 et
1158 2276 1299 2358 defendi;

150 2398 220 2439 cum
241 2373 326 2459 quod
346 2372 393 2435 ed·
405 2376 563 2437 veritatem
584 2387 691 2454 suapte
712 2388 822 2437 natura
843 2377 1009 2440 inclinatur
1028 2381 1212 2456 intellectus,
1232 2394 1296 2443 tum
1402 2431 1403 2453 ,

150 2478 236 2561 quud
256 2479 385 2553 veritae,
417 2479 467 2539 cni
488 2480 592 2539 omnia
615 2499 686 2540 vera
713 2479 939 2558 suffragantur,
967 2482 1098 2544 falsitate
1119 2496 1165 2545 eet
1182 2483 1295 2558 fortior,

151 2585 201 2646 cui
221 2597 254 2646 nt
276 2583 397 2664 penitus
417 2584 545 2644 obtusus
565 2595 620 2644 aut
644 2585 752 2645 mentis
772 2585 921 2662 pessimae
951 2597 981 2646 et
1002 2583 1172 2645 diabolicae
1203 2585 1298 2651 obsti·

150 2686 283 2748 nationis
299 2695 333 2745 tn
355 2685 437 2745 solue
451 2681 631 2759 adversaris,
651 2686 707 2766 qui
725 2683 808 2745 hand
818 2686 883 2747 eine
896 2687 971 2747 almi
984 2687 1160 2766 Lipczensie
1171 2709 1301 2770 gymna-

151 2789 189 2850 sii
209 2787 394 2866 ignominia,
425 2784 536 2849 damno
566 2801 595 2850 et
622 2789 736 2849 iactura
757 2785 846 2870 (quia
874 2791 932 2850 tibi
952 2791 1080 2869 impune
1110 2789 1300 2875 conceditur)

151 2892 269 2972 absque
299 2889 385 2949 omni
413 2886 564 2950 modestia
592 2890 625 2949 in
653 2890 737 2951 viros
766 2909 908 2971 quosque
933 2892 1130 2967 innocentes,
1154 2893 1301 2966 insontes,

152 2991 256 3055 doctos
278 2989 425 3054 conducta
445 3011 540 3071 opera
562 2992 709 3055 invehere
729 3012 792 3055 non
820 2994 980 3056 erubuisti.
1023 2993 1302 3074 Transgrediemur

153 3097 192 3161 ad
212 3097 382 3162 correlaria.

209 3314 215 3322 '
290 3303 400 3364 Circa
428 3300 679 3362 correlarium
719 3301 897 3380 primum.
944 3296 1173 3382 (xt,p.224.)

241 3428 363 3501 Logicae
396 3429 517 3485 termirn‘e
548 3431 576 3483 r'n
606 3427 831 3504 praesentiarum
864 3423 972 3480 inhiare
998 3443 1052 3480 non
1083 3422 1160 3479 uelim
1182 3431 1239 3480 etc.
1262 3451 1302 3466 -·
1360 3486 1363 3492 ‚

155 3522 270 3586 Vidisti
291 3538 320 3585 te
341 3525 420 3584 nihil
434 3523 543 3599 laudis,
564 3522 616 3585 sed
630 3523 800 3602 plurimum
824 3521 980 3583 dedecoris
1002 3544 1042 3583 ex
1063 3521 1236 3582 rationibus
1246 3542 1303 3601 per

155 3629 285 3691 univoca
306 3639 336 3688 et
357 3625 582 3688 denominativa
603 3623 749 3686 adversus
768 3625 972 3686 Lronrcruuu
1001 3625 1089 3705 pistis
1114 3625 1300 3684 relaturumz

156 3733 197 3794 ob
218 3729 251 3791 id
273 3727 511 3809 disputationem
534 3726 678 3804 logicam,
709 3746 788 3806 qnae
815 3747 872 3805 per
892 3746 997 3787 omnes
1018 3725 1176 3798 scientias,
1208 3724 1295 3783 etiam

156 3854 254 3899 sacras
286 3833 388 3893 literas
409 3831 457 3910 (ut
477 3829 600 3890 illarum
621 3829 856 3891 instrumentum
884 3841 915 3891 et
936 3830 1128 3890 nobilissima
1149 3819 1299 3906 supellex)

157 3959 254 4020 aeque
275 3934 431 4010 discurrit,
461 3945 564 3994 contra
585 3945 708 4015 patrum
727 3934 951 3995 observantiam
973 3954 991 3992 a
1011 3930 1135 3992 medicis
1156 3922 1305 3999 excludis,

159 4043 342 4101 Arrceunem
370 4055 512 4119 qnoque,
551 4037 606 4118 qui
634 4037 718 4098 illins
747 4057 804 4098 neu
836 4049 940 4097 contra
970 4035 1126 4094 Geneuuu
1150 4034 1184 4092 in
1213 4049 1304 4110 passu

159 4141 252 4202 febris
272 4143 452 4219 sanguineae
474 4151 581 4219 aperto
603 4141 719 4200 Menan
742 4141 860 4215 militat,
880 4140 913 4198 in
935 4150 1019 4199 tuam
1036 4135 1216 4198 sententiam
1235 4152 1306 4212 per-

159 4263 264 4325 peram
285 4243 390 4304 trahis.
432 4242 582 4320 anpiam
604 4241 685 4301 enirn
706 4242 772 4320 ipse
793 4241 922 4319 logicam
945 4237 1060 4300 ademit
1081 4236 1223 4310 medicis,
1253 4229 1308 4294 sed

160 4364 222 4426 qua
240 4339 427 4405 contendunt
442 4338 588 4403 adversus
608 4342 810 4421 philosophos
831 4359 939 4400 sanum
961 4353 991 4401 et
1018 4356 1145 4417 aegram
1172 4332 1308 4395 mediata
