2806 4800
614 223 687 297 tto

83 409 221 474 homines
234 431 316 474 nuno
324 411 405 472 male
421 420 615 494 torquentur,
635 407 773 475 sordidas
787 424 816 474 et
837 415 1002 475 ulcerentes
1023 432 1063 475 ex
1083 412 1220 494 plurium

81 515 263 592 humorum,
292 534 356 575 non
377 513 469 576 unius
492 514 685 593 corruptione
710 534 878 594 emergere,
906 517 1067 577 comitante
1087 515 1219 598 quadam

82 614 242 679 adustione
265 629 294 678 et
313 616 492 678 nitrositate.
534 614 594 678 Sed
617 618 760 678 materiae
781 614 939 678 diversitas
961 638 1001 677 ex
1021 614 1221 678 accidentium

82 719 228 781 varietate
247 715 422 779 dinoscitur.
475 718 614 778 Pustulas
642 719 748 798 plures
776 716 933 795 sanguini,
962 718 1017 778 has
1044 719 1221 796 phlegmati,

82 820 192 881 alteras
212 819 430 881 melancholiae
450 819 611 898 propiores
633 841 696 882 esse
720 841 783 882 non
805 815 1008 880 dubitandum
1023 832 1082 879 est:
1103 820 1157 879 illa
1177 833 1222 880 ta·

83 940 155 982 men
175 923 260 984 varia
280 923 446 982 humorum
467 941 577 1000 genera
598 924 639 984 ob
660 925 792 984 infusam
808 919 960 1003 quandam
972 920 1222 982 incinerationem

83 1042 136 1082 seu
157 1017 347 1086 adustionem
376 1024 597 1105 aliquantulam
629 1037 785 1086 consecuta
806 1035 878 1084 sunt
904 1004 1063 1083 acttitatem
1093 1021 1224 1100 igneam.

82 1124 163 1184 Hinc
184 1135 251 1200 est,
265 1122 350 1206 quod
371 1125 517 1187 humores
537 1126 573 1186 hi
594 1127 757 1206 exspoliati
776 1138 847 1188 sunt
867 1126 907 1185 ab
927 1145 963 1184 ea
985 1123 1134 1202 potentia,
1160 1143 1224 1203 qua

82 1225 116 1284 iu
136 1226 402 1305 reintegrationem
430 1240 529 1289 essent
554 1227 729 1289 incessantis
757 1226 951 1288 resolutionis
975 1223 1096 1286 humidi
1125 1226 1224 1286 nutri-

81 1329 221 1392 mentalis
250 1341 279 1390 et
303 1327 460 1404 radicalis,
491 1330 585 1391 factae
613 1352 632 1390 a
664 1331 763 1390 calore
788 1341 910 1403 nostro,
941 1328 999 1408 qui
1028 1328 1223 1405 compositus,

82 1433 193 1513 partim
213 1433 390 1494 coelestiset
409 1432 526 1509 suavis,
545 1433 656 1512 partim
677 1432 784 1509 igneus
798 1443 856 1493 est:
884 1431 1008 1492 inutiles
1027 1430 1132 1510 itaque
1153 1431 1223 1491 illos

81 1537 227 1597 humores
259 1538 370 1595 natura
397 1535 604 1614 praesentiens
635 1533 743 1596 nititur
770 1553 821 1594 eos
852 1534 1006 1613 expellere
1034 1553 1052 1592 a
1078 1533 1224 1592 membris

82 1633 274 1716 dignioribus
295 1634 335 1698 ad
357 1638 425 1698 loca
446 1637 609 1716 ignobilia,
641 1657 680 1698 ne
700 1637 783 1697 intus
803 1637 928 1698 latentes
949 1633 1040 1695 nocui
1067 1635 1223 1694 hominem

84 1737 222 1827 perdant.
266 1739 366 1816 Sagax
389 1749 491 1799 autem
512 1742 620 1799 natura
634 1739 862 1800 convenientem
879 1736 1053 1817 expulsioni
1067 1737 1223 1814 regionem

85 1852 186 1900 cutem
208 1837 377 1915 ordinavit,
399 1839 548 1917 probante
569 1837 647 1899 illud
669 1840 760 1899 Hanr
776 1842 908 1900 Asnam.
922 1837 1054 1900 secundo
1072 1839 1224 1901 theoricae

81 1941 115 2018 ,iu
137 1943 214 2002 haec
241 1943 352 2005 rerba:
382 1939 516 1999 hominis
544 1940 621 1999 cutis
649 1942 754 2000 ceteris
784 1941 960 2002 animalium
985 1941 1074 2002 coriis
1094 1939 1225 2002 debilior

82 2055 145 2119 est,
176 2062 275 2124 quum
306 2043 397 2104 simul
428 2062 496 2103 cum
529 2042 596 2117 his,
626 2061 706 2122 quae
727 2043 884 2121 proposita
918 2055 988 2102 sum
1010 2045 1043 2102 in
1067 2063 1121 2117 ca,
1152 2061 1224 2121 pro·

83 2144 201 2224 posuit,
223 2155 259 2204 ut
277 2143 431 2223 receptiva
459 2157 536 2205 esset
563 2143 807 2223 superfluitatum
829 2142 868 2204 ad
897 2145 995 2225 ipsam
1017 2141 1225 2217 defluentium,

85 2267 161 2329 quas
181 2247 335 2326 repellunt
352 2247 407 2306 illa
428 2246 528 2308 vicina
548 2247 696 2306 membra.

169 2346 230 2410 Sed
258 2345 381 2426 grandis
408 2344 531 2410 ridetur
557 2347 591 2406 in
618 2345 678 2407 his
693 2345 824 2425 pustulis
852 2343 1030 2423 diversitas,
1063 2345 1226 2426 infigura,

84 2450 230 2524 mollitie,
256 2446 384 2523 duritie,
412 2447 592 2522 virulentia,
612 2448 744 2522 colore,
773 2444 901 2523 ardore,
930 2444 1036 2510 dolore
1057 2460 1088 2511 et
1109 2451 1226 2509 ulcera·

39 2628 45 2632 ,
83 2553 182 2627 tione,
206 2551 258 2612 hic
277 2546 365 2630 plus,
385 2548 583 2612 olibivmiuus
603 2547 806 2627 imprimente.

162 2653 333 2714 >varietatis
353 2671 472 2713 caeream
494 2651 537 2712 sic
558 2653 807 2730 contemplemur.
857 2651 890 2714 Si
916 2650 1043 2711 fortasse
1068 2650 1225 2727 sanguinis

82 2767 223 2817 naturam
245 2755 385 2834 pustulae
405 2755 475 2833 plus
496 2753 688 2828 accesserint,
712 2750 856 2814 videntur
876 2753 1036 2814 rubescere
1056 2772 1126 2813 crim
1146 2773 1224 2834 qua·

84 2855 154 2916 dam
168 2856 374 2916 obfuscatione
388 2867 417 2916 et
430 2851 647 2934 subnigrediue
662 2855 863 2935 aliquantula,
881 2854 1025 2918 mediocri
1040 2857 1178 2934 grossitie
1195 2871 1225 2920 et

82 2973 212 3020 tumore.
244 2955 850 3035 Causmnlsiedicosanguinem,humore
862 2957 996 3040 qarodam
1007 2962 1224 3022 melancholico

83 3058 235 3122 modicum
256 3057 366 3148 adusto
385 3059 548 3134 infectum,
570 3081 605 3120 ea
627 3072 727 3120 tamen
749 3058 909 3120 adustione
929 3081 991 3121 non
1015 3060 1142 3123 discente
1161 3078 1223 3124 mes

81 3163 263 3224 lancholiam
285 3174 372 3223 extra
396 3182 468 3221 suae
490 3174 615 3220 natiuae
647 3159 856 3234 latitudinem,
890 3158 971 3220 trude
990 3173 1122 3223 terreum
1144 3165 1224 3223 mix·

35 3341 38 3344 ⁴
82 3277 147 3326 tum
168 3260 298 3324 humido
317 3263 461 3322 terminat
480 3263 591 3339 ipsum.
643 3258 706 3334 Qui
727 3261 849 3337 sanguis
870 3262 927 3320 hac
946 3263 1156 3325 immutatione
1177 3267 1224 3328 lo·

81 3387 131 3427 ras
152 3365 334 3444 propulsus,
357 3362 414 3422 etsi
433 3353 517 3422 intus
539 3364 637 3422 calore
657 3362 696 3423 sit
717 3361 906 3438 subtiliatus,
929 3383 985 3443 per
1004 3372 1223 3448 poroeexclu-

82 3485 134 3526 sus
155 3465 196 3525 ob
219 3473 360 3523 naturam
380 3474 511 3526 terream
537 3483 607 3524 cum·
626 3461 755 3525 humido
774 3463 887 3540 frigore
907 3466 1124 3533 circumstantis
1144 3475 1223 3535 aeris

82 3567 274 3645 congelatur,
304 3563 399 3648 idque
420 3566 534 3645 frigore
551 3579 701 3629 constans
722 3587 741 3627 a
760 3565 932 3628 succedenti
953 3571 1083 3634 humore
1104 3586 1222 3637 trusum

81 3669 286 3751 subsequitur.
329 3666 469 3730 Succedit
481 3670 554 3730 item
566 3670 653 3744 alter,
674 3666 770 3730 donee
783 3669 955 3748 promineat
968 3673 1086 3755 aliquid
1109 3678 1222 3754 magni,

81 3769 171 3852 quod
183 3770 361 3832 tuberosum
384 3770 638 3833 ferme‘videatur
668 3775 700 3832 in
723 3757 848 3834 mbdum
875 3776 1008 3855 papillae
1035 3779 1222 3854 mamillaris,

81 3874 240 3936 ulcerantis
262 3875 339 3934 circa
364 3872 496 3935 radicem
524 3877 573 3939 rel
600 3875 697 3935 basim
726 3877 799 3937 eius.
836 3874 1053 3941 'Ulttsrationis
1082 3879 1160 3939 ratio
1188 3881 1222 3940 in

79 3989 224 4055 promptu
248 3987 293 4035 est
314 3975 355 4036 ob
375 3976 550 4054 vestigium
565 3973 750 4052 adustionis,
779 3962 991 4041 sua-'emtam
1020 3978 1124 4039 subtili
1151 4001 1220 4042 cum

80 4074 229 4138 caliditate
248 4077 394 4137 solventis
415 4075 576 4138 humidum
599 4078 767 4157 glutinans:
800 4075 873 4138 inde
898 4078 933 4141 fit
959 4077 1057 4140 dolor.
1112 4077 1221 4144 Omnia
1303 4087 1308 4095 '

79 4184 180 4238 autem
199 4175 305 4252 dolor,
327 4176 446 4239 dicente
463 4173 615 4254 Ganrrro,
639 4181 760 4242 exacuit
779 4182 917 4257 rheuma,
937 4178 970 4240 id
996 4193 1050 4259 est,
1066 4178 1157 4244 dolor
1179 4197 1224 4246 est

78 4297 170 4340 oasrsa
187 4296 349 4340 concursus
370 4279 554 4355 humorum,
583 4280 700 4361 quibus·
725 4282 758 4341 in
779 4284 895 4362 repleto
923 4303 1050 4364 corpore
1071 4287 1222 4364 corruptis
