2806 4800
700 240 775 314 118

172 429 335 508 particula,
366 451 404 492 ex
426 425 589 508 sanguine,
628 426 679 489 eui
703 423 813 489 eccidit
839 422 996 500 ebullitio,
1023 419 1116 498 adeo,
1145 418 1230 503 quod
1248 444 1314 485 ‘err-

171 543 232 591 tem
263 533 430 594 comburit:
472 531 578 594 subtili
607 532 690 593 enim
719 530 866 610 sanguiue
905 527 1033 590 colerico
1064 525 1254 587 inflammato
1282 538 1318 590 at

173 632 307 711 putrido,
327 635 439 695 subtile
460 632 569 694 transit
588 633 621 692 in
643 633 790 709 coleram;
812 627 897 712 quod
917 626 1062 707 supersit,
1083 625 1116 686 in
1137 627 1317 697 melancho-

172 735 261 796 liam:
289 735 403 816 quibus
429 732 598 812 aggregatis
621 745 650 794 et
670 733 703 792 in
726 732 879 810 singulare
901 728 1315 809 membrum'proieetis,<·fit

173 835 225 895 hic
243 839 334 896 carbo
355 836 405 897 vel
423 833 558 914 persicus
578 834 666 912 ignis.
709 833 756 894 Ex
775 834 834 893 hoe
846 829 1050 892 differentiam
1071 851 1090 889 a
1110 850 1219 892 mucro
1235 833 1315 893 aoni-

172 936 285 1012 pimus,
306 935 372 1016 qui,
392 937 457 996 solo
469 936 568 995 cinere
587 934 805 995 melancholiae
825 935 1001 995 velcolerae
1021 933 1136 1008 relicto,
1156 933 1243 1011 prius
1264 953 1314 994 re·

173 1037 274 1096 soluto
293 1039 448 1099 etrbtiliori
468 1049 571 1118 parte,
601 1037 656 1098 vix
683 1035 851 1099 curandum
875 1037 926 1098 vel
946 1046 1115 1114 apostema,
1146 1036 1196 1096 vel
1226 1036 1314 1096 ulcus

174 1135 284 1196 afferre
303 1140 390 1201 solet.
438 1139 576 1213 Horum,
594 1158 696 1219 neque
716 1137 796 1216 ignis
817 1135 943 1215 persici,
971 1155 1073 1217 neque
1094 1136 1194 1195 macri
1212 1135 1314 1198 saevi·

174 1237 246 1299 tiem
262 1239 351 1301 ‚hune
371 1241 514 1302 morbum
534 1239 664 1319 inferre,
685 1252 799 1302 eertum
820 1249 873 1300 est.
930 1273 933 1279 ‚

513 1423 620 1501 Quod
648 1447 725 1488 non
754 1445 979 1506 gangraena.
1039 1464 1043 1470 ·

260 1541 338 1619 Quis
360 1547 428 1622 erit,
448 1546 508 1608 nisi
528 1547 636 1608 mentis
656 1546 756 1626 inops,
777 1547 834 1628 qui
852 1547 936 1605 huuc
949 1544 1093 1605 morbum
1112 1565 1317 1625 gangraenam

175 1657 228 1707 aut
248 1647 471 1710 estbiomenum
495 1669 559 1710 esse
579 1644 793 1710 contenderet?
824 1647 895 1710 Nun
910 1647 993 1708 enim
1009 1645 1116 1708 accidit
1132 1666 1314 1726 gangrarum

176 1747 235 1807 uisi
254 1745 296 1808 ad
316 1773 382 1813 eam
404 1752 613 1814 ebullitionem
642 1749 765 1830 sanguis
795 1749 973 1830 perveniat,
997 1735 1035 1811 nt
1061 1750 1163 1830 portio
1179 1747 1316 1811 tandem

175 1853 393 1917 melancholiae
423 1857 525 1918 minus
556 1876 660 1936 grossa
692 1853 842 1936 putrefiat.
891 1849 983 1927 Quae
1014 1873 1083 1913 eum
1111 1853 1150 1915 sit
1175 1851 1207 1912 in
1238 1851 1318 1927 fieri,

175 1972 346 2032 gangraena
367 1957 399 2016 in
420 1970 566 2038 promptu
587 1955 690 2020 adest:
722 1957 749 2026 ai
769 1955 939 2036 perrexerit
959 1951 999 2015 ad
1019 1955 1222 2034 putrefactum
1241 1973 1319 2030 ease,

175 2055 381 2119 esthiomenus
402 2056 526 2138 dicitur,
548 2059 721 2120 membrum
741 2055 872 2139 perdens
892 2068 923 2118 et
943 2054 1137 2118 mortificans·

541 2242 646 2318 Quod
675 2266 750 2307 non
779 2246 961 2306 anthrax.
1056 2292 1058 2297 .

261 2362 308 2420 Ex
329 2362 391 2421 iam
402 2359 521 2422 firmato
543 2363 667 2444 sequela
688 2374 742 2438 est,
764 2384 866 2445 neque
887 2364 971 2425 hunc
980 2364 1123 2424 morbum
1144 2363 1319 2425 anthraeem

179 2460 242 2522 sive
263 2464 382 2524 althoin
394 2486 434 2526 ex
455 2467 560 2547 aliquo
571 2465 724 2527 nominari
744 2486 843 2546 posse,
864 2486 934 2526 eum
953 2466 1085 2527 anthrax
1106 2478 1261 2544 apostema
1279 2466 1320 2528 ait

178 2583 216 2621 ex
238 2566 384 2644 sanguine
405 2568 587 2645 ebulliente,
619 2569 704 2629 cuius
731 2569 865 2648 grossior
893 2569 995 2648 portio
1023 2570 1241 2631 melancholiae
1275 2580 1320 2632 est

177 2663 318 2742 putrida,
341 2687 403 2730 uon
424 2666 548 2748 adusta3
569 2691 631 2752 qua
652 2668 815 2750 putredine
833 2669 959 2731 maten'a
980 2671 1197 2733 melancholica
1220 2691 1320 2754 quan-

178 2761 248 2824 dam
269 2779 315 2828 est
331 2781 420 2831 nacta
439 2771 694 2848 venenositatem,
715 2768 796 2832 raude
816 2791 945 2852 vapores
957 2771 1106 2832 subtiliati
1127 2792 1184 2852 per
1194 2771 1322 2835 arterias

177 2865 333 2952 regionem
355 2867 457 2931 cordis
477 2873 659 2952 attingentes
686 2873 777 2935 citam
796 2875 926 2935 mortem
947 2869 1106 2934 inducunt.

458 3122 463 3129 ,
525 3052 637 3132 Quod
664 3016 742 3120 uon
761 3014 981 3137 'glandulae

263 3171 443 3254 Undimias,
464 3172 640 3256 glandulas,
662 3172 776 3253 nodos,
799 3175 1080 3259 quiserediderat?
1111 3200 1179 3240 cum
1200 3181 1264 3244 sint
1278 3180 1327 3245 de

178 3295 289 3350 genere
310 3277 446 3339 materiei
468 3275 581 3355 durae,
602 3279 855 3356 melancholieae,
883 3299 946 3340 non
967 3281 1144 3358 ulcerantis,
1165 3303 1249 3344 secus
1271 3283 1322 3343 hic

178 3373 328 3440 videmus.
378 3378 619 3462 Nihildenique
642 3395 704 3459 est,
732 3382 816 3464 quod
837 3384 957 3464 saphati
986 3386 1070 3446 hunc
1100 3388 1242 3448 morbum
1267 3408 1323 3448 nos
1374 3448 1381 3453 .

180 3485 299 3550 cogeret
319 3478 490 3554 appellare,
504 3526 507 3531 .
521 3500 591 3540 cum
617 3484 792 3544 volentibus
812 3504 874 3545 etna
893 3486 1041 3547 sententia
1061 3488 1205 3550 omnibus
1224 3486 1323 3548 medi-

180 3573 232 3648 cis,
252 3584 370 3635 tantum
392 3575 498 3636 faeiem
520 3591 550 3638 et
570 3593 661 3658 caput
680 3584 801 3661 saphati
821 3605 983 3665 oocuparet
1002 3607 1058 3647 neo
1076 3588 1179 3665 ipsum
1199 3587 1322 3665 impeti·

170 3678 281 3754 'ginem
302 3675 401 3754 dieas,
422 3680 600 3760 quae-siena
621 3693 679 3758 est,
700 3702 764 3743 uon
784 3684 944 3747 virulenta.
986 3684 1057 3746 Non
1080 3687 1236 3761 vulgarem
1257 3704 1322 3744 aaa·

126 3850 129 3854 ,
183 3781 264 3841 biem
284 3779 493 3861 nsrneupabia,
525 3776 620 3863 (quae
646 3801 754 3846 verum
774 3785 833 3860 sit,
863 3785 896 3844 iu
917 3785 1081 3864 propatulo
1112 3781 1170 3866 est)
1200 3785 1228 3847 si
1247 3785 1323 3846 aoei-

183 3880 284 3945 dentia
306 3879 506 3964 contemplari
526 3882 612 3944 velis.

439 4010 473 4047 „nr
497 4008 532 4041 u..
723 4014 745 4041 ἰ·
815 4026 819 4031 ·
931 4034 934 4039 .

326 4132 336 4141 ‚,
382 4096 386 4107 ·
425 4050 590 4150 ,Propria
620 4069 683 4132 hic
715 4067 860 4131 dicitur
891 4071 1084 4140 sententia.

268 4184 342 4246 Post
362 4185 501 4260 priorum
531 4173 767 4251 confutationem
798 4208 878 4248 nunc
906 4197 1016 4265 restat,
1046 4188 1120 4272 quid
1151 4188 1188 4251 de
1219 4192 1326 4271 gallico

186 4283 313 4345 seutiam
341 4288 467 4348 morbo:
500 4303 529 4351 et
554 4292 617 4352 lroe
637 4292 678 4352 sit·
703 4287 849 4352 iudicium
877 4309 1000 4365 meum,
1029 4294 1182 4372 pustulas,
1211 4294 1326 4374 quibus
