2806 4800
768 208 790 278 6

365 389 505 449 Grassatur
521 390 614 457 mediis
633 392 685 445 iam
703 391 852 447 Thracibus
868 403 948 466 atque
965 392 1101 467 Bohemis,

399 477 434 533 Et
455 481 541 535 morbi
557 501 642 554 genus
659 481 687 535 id
705 481 825 536 Sarmata
844 482 956 555 quisque
974 483 1055 540 timet

364 567 420 622 Nec
436 569 496 623 satis
514 580 629 625 extremo
647 581 766 626 tutantur
782 569 809 624 in
829 570 893 625 orbe
910 570 1047 641 Britanni,

361 668 364 674 ’
400 654 477 724 Quos
494 658 608 713 refluum
627 659 710 732 cingit
726 659 936 732 succiduumque
953 660 1060 719 fretum.

365 744 440 813 Quin
457 747 536 803 etiam
553 749 624 803 sama
644 760 697 815 est,
716 747 797 802 Afros
815 759 963 820 penetrasse
981 748 1130 825 Getasque,

400 835 488 908 Vique
505 856 552 890 sua
569 848 713 909 utrumque
731 835 893 908 depopulare
911 835 1012 910 polum.

363 924 483 996 Longius
500 924 554 981 boc
572 925 679 993 vitium,
696 944 776 996 quam
795 924 908 998 parsit,
926 944 1043 981 crescere
1060 912 1160 1000 ubique

398 1010 530 1069 Cernitur.
565 1014 588 1068 E
606 1014 701 1069 nostris
718 1033 832 1087 corpora
850 1013 933 1067 multa
950 1013 1036 1073 luunt.

363 1100 506 1172 Soorram,
525 1103 619 1171 Galle,
636 1123 714 1179 vocas
732 1123 747 1157 a
765 1118 848 1169 scon,
868 1101 940 1174 quod
958 1102 1077 1177 Graecus
1095 1105 1193 1160 oletum

397 1191 482 1259 Dicit,
501 1202 528 1247 et
544 1193 680 1264 impurum
704 1190 925 1264 rancidulumque
943 1203 1029 1247 sonat.

362 1279 413 1335 llic
429 1280 560 1354 Thymius
577 1283 629 1337 dici
647 1293 748 1355 posset,
767 1281 885 1354 sirupta
905 1300 1029 1336 cruorem

400 1369 520 1424 Verruca
537 1370 626 1425 daret:
643 1383 671 1425 at
688 1369 782 1426 siccior
799 1367 842 1423 illa
860 1368 939 1423 sedet

364 1453 532 1530 Condyloma
550 1459 627 1527 soret,
646 1478 841 1532 gangraenare:
858 1457 986 1532 grandior
999 1458 1038 1514 his
1056 1460 1100 1515 sed

397 1545 505 1601 Pustula
524 1550 670 1621 proserpit,
688 1550 732 1605 sed
751 1565 892 1603 numerosa
909 1547 1007 1617 minus.

364 1632 418 1687 llas
435 1654 450 1687 a
470 1635 572 1690 sariolis
589 1637 726 1711 distinguit
743 1657 836 1704 causa,
856 1636 927 1709 quod
944 1636 998 1690 istis

399 1723 521 1796 Frigidus
539 1727 636 1783 humor
653 1728 736 1794 inest,
752 1727 845 1800 bisque
864 1710 1079 1782 melancholicus.
1169 1766 1172 1771 -

364 1813 421 1880 Fit,
438 1815 559 1886 quotiens
577 1816 692 1888 propriis
706 1815 836 1873 Saturnus
854 1815 887 1871 ab
906 1815 1014 1869 aedibus
1032 1816 1095 1882 exit,

400 1903 485 1975 lnque
503 1903 569 1958 loris
587 1905 684 1976 migrat
701 1898 830 1979 morbiler
847 1904 890 1959 ille
909 1905 1009 1959 domos

363 1989 431 2044 Nam
448 2002 506 2045 tum
523 1992 647 2065 reliquias
665 1993 725 2047 duri
743 1991 812 2047 senis
830 2002 909 2065 atque
929 1993 1038 2065 maligui

400 2080 500 2152 lupiter
517 2081 633 2154 expellit,
653 2093 748 2154 purgat
765 2092 791 2137 et
809 2092 925 2138 evacuat.
983 2132 985 2137 .

363 2167 394 2222 ld
413 2171 485 2242 quod
503 2170 536 2223 ab
555 2171 656 2224 octenis
674 2170 762 2224 lustris
780 2168 935 2239 contingere
952 2167 1046 2220 crebro

399 2258 431 2311 ln
449 2257 539 2324 terris,
556 2258 602 2311 ubi
619 2267 681 2312 sunt
698 2274 811 2328 corpora
830 2253 914 2320 sicca,
931 2253 1005 2306 solet.

364 2348 443 2401 Vnde
461 2348 587 2422 frequens
604 2347 687 2403 Gallis
705 2345 795 2402 morbi
811 2364 895 2418 genus
912 2344 938 2397 id
958 2342 996 2396 vel
1016 2342 1111 2408 lboris,
1135 2380 1137 2385 -

401 2438 485 2492 Rarus
504 2436 575 2510 apud
593 2448 698 2510 gentes,
718 2436 847 2510 frigus-et
864 2435 961 2489 humor
978 2434 1032 2488 ubi.
1148 2492 1150 2497 ,

365 2524 424 2578 Non
443 2526 482 2591 illi
500 2525 617 2595 Chiron,
635 2547 686 2581 nec
702 2525 767 2580 item
784 2544 848 2580 eum
866 2524 948 2579 fratre
965 2519 1098 2577 Machaon
1119 2586 1138 2595 ..

399 2614 481 2671 Ferre
496 2615 638 2671 salutarem
655 2634 731 2689 posse
748 2614 865 2670 fatentur
882 2631 970 2684 opem·
1163 2685 1166 2689 .

364 2704 443 2772 Esto,
463 2706 544 2778 aliqui
562 2715 665 2760 tentent
681 2702 841 2759 medicinam
860 2701 1000 2775 adbibere,
1019 2710 1045 2754 et
1062 2698 1193 2770 inungant

400 2791 517 2864 Corpus,
536 2795 603 2850 etin
622 2813 734 2849 saccum·
746 2791 944 2864 culleolumque
962 2799 1052 2852 suant;

365 2879 450 2934 Crede
469 2883 547 2952 mibi,
565 2883 657 2938 nocuit
675 2903 803 2955 praeceps
819 2881 950 2955 medicina
968 2880 1136 2951 frequenter,

398 2967 534 3044 Quodque
552 2990 705 3044 percussum
723 2981 776 3036 est,
798 2970 915 3024 scabrius
932 2969 1009 3024 ulcus
1026 2968 1083 3023 erit.
1162 3024 1165 3029 ,
1228 2990 1231 2995 ·

366 3056 429 3110 Sola
447 3059 517 3114 iurat
534 3060 616 3131 pietas
633 3056 760 3130 supersim
779 3069 804 3112 ct
824 3077 898 3111 mora
917 3056 1038 3129 longior,
1057 3069 1141 3133 atque

402 3144 470 3200 Cum
490 3147 645 3203 mithridatis
662 3166 714 3218 ope
732 3145 910 3219 phlebotomia
928 3147 1062 3219 frequens.

365 3232 502 3288 Mensibus
520 3235 632 3297 undenis
650 3233 779 3307 quosdam
790 3234 1115 3305 ¹contabuisscridcmus,
1133 3264 1135 3268 v

403 3324 459 3378 Nec
472 3325 582 3395 ¹tandem
602 3324 634 3394 ad
653 3323 763 3397 plenum
782 3312 949 3395 convaluisse,
963 3337 1062 3389 nmen.

367 3409 458 3462 llllultis
474 3409 547 3481 lepra
567 3413 655 3465 minor
672 3413 756 3471 uisum
772 3424 828 3479 est,
841 3413 971 3486 epidemia
989 3412 1093 3481 multis,

402 3497 514 3570 Exposci
531 3509 610 3572 atque
627 3499 684 3554 aliis
701 3521 773 3557 mors
790 3501 841 3557 cita
859 3520 937 3574 saepe
953 3501 1028 3556 solet.
1058 3556 1061 3565 ,

368 3585 414 3640 Sic
430 3599 510 3658 putor
527 3589 641 3644 inclusus
660 3592 769 3664 pungit,
787 3588 898 3661 premit,
916 3598 1007 3659 urget,
1025 3582 1139 3651 adurens

404 3675 568 3746 Inflammat,
587 3690 706 3753 torquet,
725 3677 811 3752 prurit
829 3687 855 3731 et
871 3675 1009 3739 incinerat.
1105 3714 1108 3721 .

368 3763 513 3838 Poscamus
530 3767 632 3823 veniam
650 3787 761 3842 superos
777 3765 854 3828 idco,
870 3773 952 3836 atque
969 3776 1089 3833 peroras

401 3854 498 3910 Pacem
516 3877 532 3911 a
550 3857 683 3913 coelicolis
700 3868 759 3913 rota
776 3873 919 3928 precesque
937 3859 1043 3925 petoni,

369 3943 406 3998 Ut
424 3945 515 4000 saltem
530 3946 676 4015 immunem
693 3957 777 4002 servet
794 3945 836 4016 pia
856 3943 929 4016 virgo
947 3942 995 4007 sub
1015 3940 1062 3996 alis
1125 3963 1130 4007 ζ

404 4031 606 4105 Magnanimum
625 4055 716 4106 regem
733 4045 787 4089 tam
806 4032 994 4106 placidumque
1012 4030 1078 4094 suis,

370 4120 424 4188 Qui
444 4121 524 4175 modo
544 4141 678 4175 scorrosos
694 4123 805 4194 Ligures
822 4122 879 4194 agit
895 4122 964 4176 inter
982 4131 1008 4177 et
1023 4137 1130 4190 aegros,

404 4207 483 4263 biber
499 4219 528 4263 ut
545 4208 598 4263 hoc
614 4210 708 4262 morbo
727 4209 936 4284 Caesarisqarma
955 4208 1030 4263 ierat.

371 4293 488 4349 Caesaris
506 4316 594 4364 arma,
611 4297 688 4351 simul
707 4317 812 4351 sacrum
830 4310 857 4353 et
874 4296 997 4355 diadema
1014 4306 1132 4370 reportet
